|0000|012|0|01112018|30112018|NUTRIL COMERCIO E SERVIÇOS EIRELI  ME|07760809000160||SE|271134500|2800308|8888888||B|1|
|0001|0|
|0005|NUTRIL COMERCIO E SERVIÇOS EIRELI  ME|49075000|RUA BAHIA|1584||SIQUEIRA CAMPOS|7932594376||contato@implanti.com.br|
|0100|JJM CONTABILIDADE ASSESSORIA FISCAL TRIBUTARIA|81247435849|132104|32858581000193|49010380|Rua São Cristóvão|212|1 ANDAR|Centro|||ono.silveira@gmail.com|2800308|
|0150|5b0d4cc9dd5d36210c5a5758|EMPRESA MUNICIPAL DE OBRAS E URBANIZAÇÃO|1058|13118245000160|||2800308||AV AUGUSTO FRANCO|3340||PONTO NOVO|
|0150|5b0d4cc9dd5d36210c5a594a|POLÍCIA MILITAR DO ESTADO DE SERGIPE|1058|13128798003038|||2800308||RUA ITABAIANA|336||CENTRO|
|0150|5b0d4cc9dd5d36210c5a5959|SOCIEDADE DE EDUCAÇÃO TIRADENTES SS LTDA|1058|13013263001310|||2800308||RUA POETA MÁRIO JORGE MENEZES VIEIRA|2477||COROA DO MEIO|
|0150|5b717037dd5d362db0ec9606|COLÉGIO AMADEUS LTDA|1058|32825952000130|||2800308||RUA ESTÂNCIA|1003||CENTRO|
|0150|5b0d4cc9dd5d36210c5a595a|SÃO LUCAS MEDICO HOSPITALAR LTDA|1058|13131370000100||270544674|2800308||AV STANLEY SILVEIRA|33||SÃO JOSE|
|0150|5b0d4cc9dd5d36210c5a5765|FUNDAÇÃO DE SAÚDE PARREIRAS HORTA|1058|10439192000190|||2800308||Rua Variante|sn||Capucho|
|0150|5b159dcfdd5d362dec479732|SERGIFIL INDUSTRIA TEXTIL LTDA|1058|03838932000104||271009691|2800308||AV A|200||SANTA MARIA|
|0150|5b0d4cc9dd5d36210c5a57ae|LOJAS RENNER SA|1058|92754738017723||271309768|2800308||AVENIDA DELMIRO GOLVEIA|400||COROA DO MEIO|
|0150|5b0d4cc9dd5d36210c5a573f|EMPRESA BRASILEIRA DE SERVIÇOS HOSPITALARESEBSERHFILIAL 09|1058|15126437001034||271548380|2800308||RUA CLAUDIO BATISTA,|505||PALESTINA|
|0150|5b0d4cc9dd5d36210c5a578a|FUNDAÇÃO CULTURAL DE ARACAJU|1058|19432705000106|||2800308||RUA ESTÂNCIA|39||CENTRO|
|0150|5b0d4cc9dd5d36210c5a5749|FUNDO ESTADUAL DE SAÚDE|1058|04384829000196|||2800308||PÇ GENERAL VALADÃO|32||CENTRO|
|0150|5b0d4cc9dd5d36210c5a5721|FUNDO MUNICIPAL DE SAUDE DE ARACAJU|1058|11718406000120|||2800308||RUA SERGIPE|1310||SIQUEIRA CAMPOS|
|0150|5b0d4cc9dd5d36210c5a596e|CENTRO DE INTEGRAÇÃO RAIO DE SOL|1058|03748932000105|||2800308||RUA ROSA AZUL|360||SANTA MARIA|
|0150|5b0d4cc9dd5d36210c5a579f|ARPENE ARACAJU PRODUTOS ELETRONICOS DO NORDESTE LIDA|1058|22003247000102||271499982|2800308||AV PRESIDENTE TANCREDO NEVES|3615|GALPÃO:B2|JABOTIANA|
|0150|5b0d4cc9dd5d36210c5a5728|FUNDAÇÃO ESTADUAL DE SAÚDE|1058|10437005000130|||2800308||AV MAMEDE PAES MENDONÇA|629||CENTRO|
|0150|5b0d4cc9dd5d36210c5a593a|ESTADO DE SERGIPE|1058|13128798000101|||2800308||AV ADELIA FRANCO|3305|CASA CIVIL|GRAGERU|
|0150|5b0d4cc9dd5d36210c5a5732|CERÂMICA SERRA AZUL LTDA|1058|07378783000190||271130199|2804805||Rua Eixo Estrutural C|SN|Quadra 3  Lotes 1 a 5|DIA|
|0150|5b0d4cc9dd5d36210c5a576f|FEDEX BRASIL LOGISTICA E TRANSPORTES SA|1058|10970887001095||270624945|2800308||AV MARECHAL CANDIDO MARIANO DA S RODON|870||JABOTIANA|
|0150|5b23b5bbdd5d362128c38a93|AÇÃO EDUCACIONAL CLARETIANA|1058|44943835000150|||3505906||RUA DOM BOSCO|466||CASTELO|
|0150|5b0d4cc9dd5d36210c5a577d|INDAIÁ BRASIL ÁGUAS MINERAIS LTDA|1058|00048785003945||270580832|2806701||RODOVIA BR 101, KM 111|SN|FAZENDA ITAPEROÁ|POVOADO RITA CACETE|
|0150|5b0d4cc9dd5d36210c5a574a|NUTRIL COMERCIO E SERVIÇOS EIRELE ME|1058|07760809000160||271134500|2800308||RUA BAHIA|1584||SIQUEIRA CAMPOS|
|0150|5b0d4cc9dd5d36210c5a58d2|GICELIA GOMES LIMA ME|1058|01484373000148||270926348|2800308||Rua Bahia|737||Siqueira Campos|
|0150|5b0d4cc9dd5d36210c5a5967|ALIFINS COMERCIAL E IMPORTADORA EIRELI  ME|1058|25259600000108||141068738110|3550308||RUA SIMOES PINTO|065|MEZZANINO|PARQUE JABAQUARA|
|0150|5b0d4cc9dd5d36210c5a58b3|NOVA CLEAN COM IMPORT EXPORT DESCARTAVEIS LTDA EPP|1058|97527126000150||146257079111|3550308||RUA JOANA CASTELLAN|1058||V CAMPO GRANDE|
|0150|5b0d4cc9dd5d36210c5a5905|P E L AGROINDUSTRIA DE LATICINIOS LTDA|1058|40568933000285||114399337|2912806||RUA LOMANTO JUNIOR|001|GALPAO: A;|CENTRO|
|0150|5b0d4cc9dd5d36210c5a5918|QUALYMEAT INDCOMLTDA|1058|17758441000150||255248479118|3510609||ESTRADA GABIROBA|326||JARDIM SANTO ESTEVAO|
|0150|5b0d4cc9dd5d36210c5a58b8|JMS COMERCIO DE FRUTAS , VERDURAS E CEREAIS  EIRELI|1058|20556482000178||271457074|2800308||AV ANTONIO CABRAL|824||INDUSTRIAL|
|0150|5b0d4cc9dd5d36210c5a582f|MERCADO DO PÃO LTDA ME|1058|05675802000115||271080701|2800308||AV JUCELINO KUBITSCHECK|144||CIDADE NOVA|
|0150|5b0d4cc9dd5d36210c5a5862|ITA BOLOS LTDAFILIAL|1058|00659295000293||271005688|2800308||AV DR AIRTON TELES, 1107|sn||SANTO ANTONIO|
|0150|5b0d4cc9dd5d36210c5a58df|EMBALAGENS BARBOSA LTDAEPP|1058|10404357000199||271233826|2803500||RUA SAO JOSE|Â  00277Â||CIDADE NOVA|
|0150|5b0d4cc9dd5d36210c5a594f|QUEIJOS FINOS IND COM REP EIRELI  ME|1058|06144792000235||069040580|2903409||AV SETE DE SETEMBRO|255||CENTRO|
|0150|5b0d4cc9dd5d36210c5a594e|STRAWPLAST INDUSTRIA E COMERCIO LTDA|1058|02591442000266||065664728|2607901||RUA RIACHAO|807|BLOCO 1B COND ARMAZENNA II|MURIBECA|
|0150|5b0d4cc9dd5d36210c5a592e|LIPLAST INDUSTRIA E COMERCIO DE PLASTICOS LTDA|1058|04878125000170||254355633|4211702||ROD SC108  KM 330,95|SN|ATRAS DA CROMAD|MURIALDO|
|0150|5b0d4cc9dd5d36210c5a57f9|CRBS SA  CDD ARACAJU|1058|56228356009279||271344334|2800308||AV SIMEAO SOBRAL|300||INDUSTRIAL|
|0150|5b0d4cc9dd5d36210c5a58e5|PRONTU INDUSTRIA E COMERCIO DE ALIMENTOS LTDA|1058|10498270000128||79061858|2928703||LOT SALES,SN QDACG LT12 CENTRO IND|Â||BARRO VERMELHO|
|0150|5b0d4cc9dd5d36210c5a57f5|EMBALACENTER COM REP EMB PAPEL LTDA|1058|07351681000262||271232765|2804508||ROD ENG JORGE NETO|SN|SUBURBIO|Não informado|
|0150|5b0d4cc9dd5d36210c5a5769|LATICINIO SANTA MARIA LTDA|1058|04439268000185||271033290|2804508||RODOVIA JOSUE PASSOS KL 01 SN|SN||ZONA RUAL|
|0150|5b0d4cc9dd5d36210c5a596c|ELIOPLAST INDUSTRIA E COMERCIO LTDA EPP|1058|24311730000171||242098703|2704302||DT VIA SECUNDARIA 5, DISTRITO INDUSTRIAL|SN|QUADRA 9C, MODULO 15|TAB DO MARTINS|
|0150|5b0d4cc9dd5d36210c5a5761|REPLAST INDUSTRIA E COMERCIO LTDA|1058|08840340000132||240696662|2704302||POLO MUTGOVLUIZ CAVALCANTE AVBQ5M7E8|SN||TABULEIRO|
|0150|5b0d4cc9dd5d36210c5a5877|IPLAC INDUSTRIA PLASTICA CAETES LTDA|1058|24166316000116||240738748|2704302||R JOAO JOSE PEREIRA FILHO|sn||TABULEIRO DOS MARTINS|
|0150|5b0d4cc9dd5d36210c5a57ec|BAHIANA DISTRIBUIDORA DE GAS LTDA|1058|46395687001508||270556370|2800308||AV CHANC OSVALDO ARANHA|2966|LOTE 02|OLARIA|
|0150|5b0d4cc9dd5d36210c5a57bb|Santa Clara Inde Com de Alim SA|1058|63310411001922||240976240|2704302||Rua Joao Jose Pereira Filho QD 02 Lote 0|sn||TABULEIRO DOS MARTINS|
|0150|5b0d4cc9dd5d36210c5a5913|MASTERBOI LTDA|1058|03721769000944||153986956|1507508||ROD PA 477 KM 2 4|000||GLEBA XAMBIOA|
|0150|5b0d4cc9dd5d36210c5a57ff|FRISAJU  FRIOS ARACAJU LTDA|1058|09397520000154||271218789|2800308||RUA DOM JOSE TOMAZ,  CASA|616||SAO JOSE|
|0150|5b0d4cc9dd5d36210c5a57af|MAFRIOS DISTRIBUIDORA E IMPORTAÇÕES LIDA|1058|10667481000490||271398906|2800308||AVENIDA PRESIDENTE TANCREDO NEVES|5025||JABOTIANA|
|0150|5b0d4cc9dd5d36210c5a5781|GTA COMÉRCIO DE EMBALAGENS LTDA|1058|20289873000173||244077487|2707701||AVENIDA LOURIVAL MELO MOTA|10||TABULEIRO DO PINTO|
|0150|5b0d4cc9dd5d36210c5a58f0|KADISA INDUSTRIA E COMERCIO LTDA  ME FILIAL SE|1058|03735242000707||271489677|2800308||AV ENGENHEIRO GENTIL TAVARES|501||GETULIO VARGAS|
|0150|5b0d4cc9dd5d36210c5a5897|ARMAZEM TOP ALTO LTDA|1058|19064035000201||271439890|2802106||RUA VALDEMAR PEREIRA DE ARAUJO, SALA B|sn||SAO JORGE|
|0150|5c0123f0dd5d36232cc4a8d2|LATICINIOS MINAS FORTE LTDA|1058|03851255000156||2710841460029|3127107||Rua MIGUEL D ALESSANDRO FILHO|900||PROGRESSO|
|0150|5b0d4cc9dd5d36210c5a590a|INDUSTRIA ALIMENTICIA MENDONCA LTDA|1058|03542896000129||271000872|2804805||RODOVIA BR 101 KM 3, SN|SN||VENEZA|
|0150|5b0d4cc9dd5d36210c5a5965|AMBONI ALIMENTOS LTDA|1058|09409634000177||255592230|4207007||ROD BR 101 KM 389,5|055||POCO OITO|
|0150|5b0d4cc9dd5d36210c5a5755|FRIGORIFICO INDUSTRIAL VALE PIRANGA SA|1058|00763832000160||5219412210046|3152105||ROD MG, PONTE NOVA ZONA RURAL|826||ZONA RURAL|
|0150|5b0d4cc9dd5d36210c5a57ad|MARATA INDUSTRIA DE COPOS LIDA|1058|02489982000152||270999434|2803500||RUA SÃO JOSÉ|592||CIDADE NOVA|
|0150|5bfe80e9dd5d360d6ceb4b9b|FRIOTEC INSTALACAO DE SISTEMAS DE REFRIGERACAO LTDA|1058|03770003000100||271409711|2800308||R SERGIPE|1370||SIQUEIRA CAMPOS|
|0150|5b1133f3dd5d3637f0bb3b2a|CAB INDUSTRIA E COMERCIO DE PAPEIS LTDA  ME|1058|28535028000142||271590300|2800308||AVENIDA CHANCELER OSVALDO ARANHA|||OLARIA|
|0150|5b0d4cc9dd5d36210c5a5908|DGMDISTRIBUIDORA GRANDES MARCAS LTDA|1058|09350550000105||271216239|2802908||AVENIDA ALIPIO TAVARES DE MENEZES|4973||MIGUEL TELES DE MEND|
|0150|5b0d4cc9dd5d36210c5a57ab|DISTRIBUIDORA DE CEREAIS TIO LUIZ LIDA|1058|07750620000197||271126973|2802908||RUA MANOEL DA LAPA|318||CENTRO|
|0150|5b0d4cc9dd5d36210c5a596b|TH COMERCIO EIRELI  ME|1058|10248312000253||271582073|2800308||FRANCISCO PORTO|259||GRAGERU|
|0150|5b0d4cc9dd5d36210c5a573c|EDIVALDO BATISTA DOS SANTOS EMB CIA LTD|1058|03624188000137||271002751|2800308||RUA BELEM,|274||INDUSTRIAL|
|0150|5b0d4cc9dd5d36210c5a5884|ATACADAO DIST COMERCIO E INDUSTRIA LTDA|1058|75315333010929||271271566|2800308||CHANCELER OSWALDO ARANHA|sn||NOVO PARAISO|
|0150|5b0d4cc9dd5d36210c5a57c8|MAKRO ATACADISTA SA|1058|47427653001944||271078812|2800308||Av Pres Tancredo Neves, 3550|sn||PONTO NOVO|
|0150|5b0d4cc9dd5d36210c5a58db|INAP INDUSTRIA ALIMENTICIA POPULAR LTDA|1058|12970570000355||271155752|2805703||Rua Nilo Pecanha|Â  1731Â||Centro|
|0150|5b0d4cc9dd5d36210c5a5886|SOST IND E COM DE ALIM LTDA|1058|07041307000180||64833153|2919207||RUA CANDIDO RISSUT|sn||CAJI|
|0150|5b0d4cc9dd5d36210c5a5896|JOEL VIEIRA DOS SANTOS|1058|03135252000116||270987320|2803500||ESTRADA DA IGREJA|sn||ZONA RURAL|
|0150|5b0d4cc9dd5d36210c5a5894|HSM IND E COMERCIO DE CONFECCOES LTDA ME|1058|18630661000166||271420910|2800308||RUA AMAZONAS|sn||SIQUEIRA CAMPOS|
|0150|5b0d4cc9dd5d36210c5a58b0|PISOLAR COMERCIO DE TINTAS LTDA|1058|32868002000274||271029153|2800308||RUA GONCALO ROLEMBERG LEITE|sn||SUISSA|
|0150|5b0d4cc9dd5d36210c5a58cc|DISGALDIST DE GASES ARACAJU LTDA|1058|32732679000108||270744231|2800308||RUA GOIAS|1971||SIQUEIRA CAMPOS|
|0150|5b0d4cc9dd5d36210c5a572c|KARNEKEIJO LOGISTICA INTEGRADA LTDA|1058|24150377000195||006682227|2611606||ROD BR 101 SUL|3700||BARRO|
|0150|5b0d4cc9dd5d36210c5a580a|INDÚSTRIA PANIFICADORA SÃO JOÃO LTDA|1058|13106059000100||270527923|2800308||RUA LEONEL CURVELO|365||PEREIRA LOBO|
|0150|5b0d4cc9dd5d36210c5a596a|CATIVA PRODUTOS NUTRICIONAIS LTDAME|1058|29855950000180||271595361|2800308||AVENIDA DOUTOR JOSE CALUMBY|848||SUISSA|
|0150|5b0d4cc9dd5d36210c5a57b9|ATIVA PRODUTOS MEDICOS HOSPITALARES|1058|07925203000138||271132230|2800308||R Zaqueu Brandao|sn||SAO JOSE|
|0150|5b0d4cc9dd5d36210c5a57cd|Nestle Brasil Ltda|1058|60409075009290||271115556|2800308||Rua Manoel Preto S 1|sn||Santo Antonio|
|0150|5b0d4cc9dd5d36210c5a5793|FARMAC PRODUTOS HOSPITALARES E LABORATORIAIS LIDA|1058|32838716000159||270817034|2800308||TRAVESSA VITORIA|58||JOSE CONRADO DE ARAUJO|
|0150|5b0d4cc9dd5d36210c5a5944|CR COMERCIO DE PRODUTOS SANEANTES E DOMISSANITARIOS LTDA ME|1058|28409002000158||271571420|2800308||RUA SENHOR DOS PASSOS|342|PAVIMENTO SUPERIOR|PONTO NOVO|
|0150|5b0d4cc9dd5d36210c5a57e3|PROPLAST INDUSTRIA E COMERCIO LTDA|1058|32829582000100||270809929|2804805||RUA 7, QUADRA 20, LOTE 08|sn||DIS|
|0150|5b0d4cc9dd5d36210c5a590d|HIPER CARNE PASSOS LIMA LTDA ME|1058|13189714000131||271372877|2800308||RUA VER JOAO SILVESTRE DOS SANTOS|295||SAO CONRADO|
|0150|5b87e9d7dd5d3637fc4f68d2|FABRICA DE DOCES SABORIZO ME|1058|32753964000105||270756124|2803500||ESTRADA COQUEIRO DE CIMA|587||CATITA|
|0150|5b0d4cc9dd5d36210c5a58de|COMERCIO DE ESTIVAS LTDA|1058|00067807000141||270867040|2800308||R PADRE NESTOR SAMPAIO|Â  644Â||LUZIA|
|0150|5b0d4cc9dd5d36210c5a58bb|BM3 IMPORTACAO E EXPORTACAO LTDA|1058|12098843000151||256119597|4202800||ROD SC 438|2101||SAO JANUARIO|
|0150|5b0d4cc9dd5d36210c5a587b|ITALO THALES ARAUJO VIEIRA|1058|13682404000154||271321490|2804805||AV PERIMETRAL QD A LOT08B 14 A 15A|SN||D IND SOCORRO|
|0150|5b0d4cc9dd5d36210c5a57c2|POMAR DO BRASIL  INDE COM ALIM|1058|07505422000168||271120266|2800308||TRAVESSA K, 142|sn||DIA|
|0150|5b0d4cc9dd5d36210c5a5751|MEGGA DISTRIBUIDORA LTDA|1058|07488144000188||271124598|2805703||RUA DEP JESSE FERREIRA TRINDADE|1328||MATADOURO|
|0150|5b0d4cc9dd5d36210c5a578e|MERVILMERCANTIL VIEIRA LIDA|1058|04928281000289||271199008|2804805||RODOVIA BR 235 KM 05|SN|KM 05|POVOADO SOBRADO|
|0150|5b0d4cc9dd5d36210c5a596f|WMS SUPERMERCADOS DO BRASIL LTDA|1058|93209765042626||16873942|2927408||ROD SALVADOR FEIRA SANTAN|8420|GALPAO|PIARAJA|
|0150|5b0d4cc9dd5d36210c5a5909|LATICINIO MARIANNA LTDA|1058|40499907000161||30392238|2900702||RIO BRANCO SN|0000001||ALAGOINHAS VELHA|
|0150|5b0d4cc9dd5d36210c5a57a5|SENDAS DISTRIBUIDORA SA|1058|06057223029900||271520817|2800308||RUA SIMEÃO AGUIAR|430||JOSE CONRADO DE ARAÚJO|
|0150|5b0d4cc9dd5d36210c5a57bd|CENTRO ESPECIALIZADO DE NUTRICAO LTDA|1058|05893097000122||271085010|2800308||RUA EDSON RIBEIRO 126|sn||SALGADO FILHO|
|0150|5b0d4cc9dd5d36210c5a5885|ROGITEC IND E COM DE MOLDES LTDA  EPP|1058|02807198000145||115358991110|3550308||RUA SILVINO XAVIER DE BORBA|00060||JARDIM CRISTAL|
|0150|5b0d4cc9dd5d36210c5a579c|SERVNUTRI COMERCIO DE PRODUTOS NUTRICIONAIS EIRELI|1058|18656923000323||271468858|2800308||RUA ENGENHEIRO MARCONDES FERRAZ|222||JARDINS|
|0150|5b0d4cc9dd5d36210c5a5799|CBL ALIMENTOS SA|1058|10483444003013||271439785|2800308||AV CHANCELER OSVALDO ARANHA|3093|LT03 KM03|NOVO PARAÍSO|
|0150|5b0d4cc9dd5d36210c5a5767|ASA BRANCA INDUSTRIA COM E IMP LTDA|1058|03636036000316||271083360|2804805||ROD MANOEL DO PRADO FRANCO|SN|SALA A GALPÃO C, D e E|TAIÇOCA|
|0150|5b0d4cc9dd5d36210c5a58d9|REFRESCOS GUARARAPES LTDA|1058|08715757002117||271494158|2800308||RUA MANOEL DE OLIVEIRA MARTINS|Â  360Â||INACIO BARBOSA|
|0190|UN|Unidade|
|0190|CX|Caixa|
|0190|PC|Peça|
|0190|PT|Pote|
|0190|BL|Balde|
|0190|LT|Litros|
|0190|KG|Quilograma|
|0190|RL|Rolo|
|0200|11906|LIVRO DE PROTOCOLO CORRESPONDENCIA 104F SAO DOMINGOS|7891321058879||UN|00|48201000||||0||
|0200|12343|CLIPS 40 BRW CX C50 UND|7896303600251||UN|00|83059000||||18||
|0200|11623|GRAMPO 26X6 AO C5000 BRW|7898936754011||UN|00|83052000||||18||
|0200|12194|ESTILETE LARGO 29BP CIS SERTIC|7896326960066||UN|00|82119390||||18||
|0200|12344|PRANCHETA ACRILICA|7890000022873||UN|00|39261000||||18||
|0200|12345|PASTA L A4 CRISTAL CLASSE|||UN|00|42021210||||18||
|0200|12346|COLA BASTAO 21G LEONORA|7890000022729||UN|00|35061090||||18||
|0200|12347|ENVSACO BROF34 240X340 90GSCRITY|7890000021906||UN|00|48171000||||18||
|0200|12348|ENVSACO BROF36 260X360 90GSCRITY|7890000006569||UN|00|48171000||||18||
|0200|12349|GRAMPO TRILHO PLASTICO C 50 BACCHI|7898113131291||UN|00|39261000||||18||
|0200|12350|GRAMPO TRILHO PLSTICO ESTENDIDO IARA|7890000028790||UN|00|39261000||||18||
|0200|3942|FLOCAO  ARROZ CORINGA 500G|||UN|00|11029000||||18||
|0200|10483|CHA MACACRAVOCANELA MARATA C10UN|7898286200404||UN|00|09021000||||18||
|0200|2753|CHA DE CAMOMILA MARATA C10UN|||UN|00|10062010||||18||
|0200|2099|CHA DE ERVA DOCE MARATA C10|||CX|00|10062010||||18||
|0200|1581|CHA DE CIDREIRA MARATA C10UND|||CX|00|10062010||||18||
|0200|10400|MASCARA TALGE TNT DUPLA CELASTC100UN|||PC|00|63079010||||0||
|0200|12351|MASCARA DESCCELASTDUPLO C100UN NOBRE|7899682738317||PC|00|63079010||||18||
|0200|12352|CANUDO SACHE 5MM STRAW VEMC100|7898202613011||PC|00|39173229||||18|2806100|
|0200|12353|DESINFANTISTUPALCOOL LIQ70 INPM 1000|7898910095352||UN|00|38089429||||18|2804300|
|0200|11385|NUTREN SENIOR 200ML BAUNILHA  REF: 12166595|7613033500008||UN|00|21069090||||18||
|0200|8014|NUTREN SENIOR 370GR  REF: 12217612 No|||UN|00|21069090||||18||
|0200|11513|AMINOMED lata c  400 gramas|||PC|00|21069090||||18||
|0200|12087|SERINGA DESC SR 20ML SAG LS UND|7898259490948||CX|00|90183190||||18|1301400|
|0200|6441|ENSURE PROTEINA RPB BAUNILHA 220ML UND|||UN|00|21069090||||18||
|0200|8366|ABBOTT ENSURE PLUS BAUNILHA TETRAPACK 20|||LT|00|21069090||||18||
|0200|10517|COLHER REF BR A GR C500 15X29X20 N|||CX|00|39241000||||18||
|0200|10519|GARFO REF BR A GR C500 15X29X20 N|||CX|00|39241000||||18||
|0200|10518|FACA REF BR A GR C500 15X29X20 N|||CX|00|39241000||||0||
|0200|9816|SAPATO OCUPACIONAL EM EVA BRANCO N 34|||UN|00|64019990||||18||
|0200|11880|PROTETOR LOMBAR FECHAMENTO DUPLO TAM XG|||UN|00|39262000||||0|2803600|
|0200|8679|LEITE EM PO DESNATADO FD 10KG  50 X 200|||UN|00|10062010||||18||
|0200|5416|PERNIL S OSSO CONG + 20 KG|||KG|00|10062010||||18||
|0200|10877|BACON MANTA DEF + 17 KG|7898229380026||KG|00|02101900||||18||
|0200|973|GUARANA CHP ANTARCTICA DIET LATA 350 ML|||CX|00|22021000||||18||
|0200|7861|NUTREN 20 200ML BAUNILHA  REF: 1212762|||UN|00|21069090||||18||
|0200|11698|DIANTEIRO COMPLETO JERKED BEEF 6X5 KG *REAL SABOR*|7898953297478||KG|00|02102000||||18||
|0200|10821|SABONETE ANTISEPTICO SABOEX 5L|||UN|00|33079000||||18||
|0200|11043|SUMA RINSE A5 5L|||UN|00|34021900||||18||
|0200|7909|SUMA ALUMINUN BD 4KG|||CX|00|34029090||||18||
|0200|10992|SUMA MACH L2  SUMA L26 5L|||UN|00|34029090||||18||
|0200|10820|SUMA GRILL D9 BB 5L DET DESINCRUSTANTE|||UN|00|38249941||||0||
|0200|11156|BATATA PALHA GOLD 500G|7898282740034||PT|00|20052000||||18||
|0200|10504|ALHO DE 1a KG|||KG|00|07032090||||18||
|0200|7170|OREGANO CHILENO KG|||KG|00|10062010||||18||
|0200|7908|NUTRINI PEPTI PACK 500ML|||UN|00|21069090||||18||
|0200|12141|NUTRI ENTERAL SOYA 12 TP 1L|7891025110736||UN|00|21069090||||18||
|0200|10169|MAC DELITTE 500G ESPAG|17896532700682||CX|00|19021900||||0||
|0200|10872|VINAGRE DE ALCOOL REGINA FOLHA VDE 500ML|17896108300773||UN|00|22090000||||18||
|0200|11785|PAO DE CACHORRO QUENTE|7890000004404||UN|00|19052090||||0||
|0200|11784|PAO DE HAMBURGUER|||UN|00|02101900||||0||
|0200|6827|PAO|||UN|00|19059090||||18||
|0200|11786|PAO batata ssal|||UN|00|19059090||||0||
|0200|4605|PAO DE FORMA 500 GR|||UN|00|19052090||||18||
|0200|11847|PAO DE LEITE|||UN|00|19011090||||0||
|0200|4495|FARINHA DE ROSSCA KG|||UN|00|10062010||||18||
|0200|4603|PAO INTEGRAL PAC|||UN|00|19059090||||18||
|0200|11792|COXINHA|||UN|00|21069090||||0|0301500|
|0200|11794|PASTEL DE FRANGO|||UN|00|21069090||||0|0301500|
|0200|11796|CAMARAO EMPANADO|||UN|00|21069090||||0|0301500|
|0200|11795|CANUD FRANGO|||UN|00|21069090||||0|0301500|
|0200|11807|PAO DE QUEIJO|||UN|00|21069090||||0|0301500|
|0200|12212|BOLO DE CENOURA|||UN|00|21069090||||18|0301500|
|0200|12213|BOLO DE OVOS|||UN|00|21069090||||18|0301500|
|0200|12334|BOLO FORMIGUEIRO|||UN|00|21069090||||18|0301500|
|0200|12335|TSFGO RED 5225CM|||UN|00|21069090||||18|0301500|
|0200|11799|TORTA RET 9740X26|||UN|00|21069090||||0|0301500|
|0200|11798|TORTA RED 48 25CM|||UN|00|21069090||||0|0301500|
|0200|12336|TORTA RET 12045X30|||UN|00|21069090||||18|0301500|
|0200|11805|CONF RET 22060X40|||UN|00|21069090||||0|0301500|
|0200|12016|CONF RET 13045X30|||UN|00|21069090||||18|0301500|
|0200|11802|TORTA RED 6530CM|||UN|00|21069090||||0|0301500|
|0200|11806|DESENHO 10|||UN|00|21069090||||0|0301500|
|0200|10575|LEITE CONDENSADO BETA 395G|7898403781298||UN|00|04029900||||18||
|0200|10546|FILE PX POLACA BACALANOR PAC1KG CX10KG|||UN|00|03047500||||0||
|0200|12337|QUEIJO RALADO PARMESAO RETTIS 20X50GR|||UN|00|04062000||||18|1702400|
|0200|10422|CARNE BVBUCHO FRINENSE KG|||KG|00|02062990||||0||
|0200|12338|ACUCAR SACHET GUARANI JUNIOR 996X5G CX996|7896102812060||CX|00|17019900||||18||
|0200|12148|AZEITONA VERDE INT SH 12X200G HADA 12X200G|7898903667863||CX|00|20057000||||18|1709200|
|0200|12340|AMEIXA SSCAROCO ARG132154 DOTTORI 10KG|||CX|00|08132020||||18||
|0200|10163|CALDO SAZON GALINHA PROF 1,1KG AJINOMOTO 1,1 KG6|7891132005833||UN|00|21041019||||18||
|0200|12423|PRIME EZ9F33116 DISJ UNIP 16A CURVA C|3606480581397||UN|00|85362000||||18|0106700|
|0200|12326|KIT POTETA PALIM PRT220 PLASZOM|7898049291489||UN|00|39239000||||18|2806100|
|0200|12327|KIT POTETA PALIM PRT145 PLASZOM|7898049291373||UN|00|39239000||||18|2806100|
|0200|12328|GUARDANAPO MATAPOA SEDA 14X14 C10PC|7898935088360||PC|00|48183000||||18|2004600|
|0200|10294|GUARDANAPO CREPEURO VIP 22X20 C42U50FL|7898935088353||CX|00|48182000||||18||
|0200|12329|FILME EMBALM AMA100 380X9X800 GUARU|||UN|00|39204390||||18|2806100|
|0200|12330|CATCHUP LANCHERO PET 3KG|||UN|00|21032090||||18|2804100|
|0200|12331|LIXEIRA PEDAL 14L INPLAST|7897649766731||UN|00|39249000||||18|2806100|
|0200|12332|LUVA VINIFLEX VABENE  G  C100UN|7898546006357||UN|00|39262000||||18||
|0200|12333|DOCE DE LEITE TABLETE CAMPONESA 200G|7896259412090||UN|00|19019020||||18|1702900|
|0200|7682|ALFAMINO 400GR  REF: 12192453 No Lote|||UN|00|21069090||||18||
|0200|12325|FOSFORO PINHEIRO FDO 6 X 20 10UND|7896007914128||UN|00|36050000||||18||
|0200|175|OLEO SOJA SOYA PET CXA 1 X 20 900ML|||CX|00|15079011||||18||
|0200|1213|BISC AGUA VITADELLA 20X400|||CX|00|21050010||||18||
|0200|12239|ESPON BRILHUS 1X60UN|7890012874736||CX|00|68053090||||18||
|0200|9082|MACARRAO PLASANHA VITARELLA 20X500G|||CX|00|19021900||||0||
|0200|8229|SACOS 15 X 30 X 2,0 PEAD|||UN|00|39232990||||18||
|0200|7812|SACOS 53 X 80 X 8,0 PEBD SANFONADO|||UN|00|39232990||||18||
|0200|8233|SACOS 6,0 X 25 X 2,2 PEAD|||UN|00|39232990||||18||
|0200|11586|FRESUBIN HEPA EB 500 ML|4051895005430||PC|00|21069090||||18||
|0200|11672|QUEIJO MUSSARELA ARGENTINO LA PAULINA +3,5KG6|||KG|00|04061010||||18||
|0200|12356|QUEIJO MUSSARELA FRIOLACK PC4KG|||KG|00|04061010||||18||
|0200|11274|RICOTA FRESCA FEDERICCI 0,350GR MG|||KG|00|04061090||||18||
|0200|10221|NAN SUPREME 1 400GR  REF: 12229870 No Lote: 62700742C1Data: 20180626|7613034431561||UN|00|19011010||||18||
|0200|11178|CSB602E COLHER LEVE BRANCA 20X50 CX 1000 PS|||CX|00|39241000||||18||
|0200|11180|GSB502E GARFO LEVE BRANCO 20X50 CX 1000 PS|||CX|00|39241000||||18||
|0200|11179|FSB702 FACA LEVE BRANCA 20X50 CX 1000 PS|||CX|00|39241000||||18||
|0200|9022|BEBIDA LACTEA MORANGO BANDEJA 540 G  10|||CX|00|10062010||||18||
|0200|11938|QUEIJO MUSSARELA MANNA 4 KG  6 UNIDADES|7898387120397||KG|00|04061010||||0||
|0200|10247|QUEIJO MUSSARELA 4 KG  6 UNIDADES|7898387120014||KG|00|04061010||||18||
|0200|210|CHA DE BOLDO MARATA C10UN|||UN|00|10062010||||18||
|0200|11505|COCO RALADO INTEGSACHE 100G PRAMESA|7898556012232||UN|00|08011100||||18||
|0200|10791|SACO BD 53X80X12 SANFLISO|||UN|00|39232110||||18||
|0200|10293|SACO AD 15X30X2,0 LISO|||UN|00|39232110||||18||
|0200|10959|VIREX DETERGENTE BB 5L|||UN|00|38089419||||18||
|0200|10506|SACO PARA LIXO 75X90X05 105 LITROS  LINHA BRASIL LIP TIPO II|||UN|00|39232190||||18||
|0200|12318|AGUA SANITARIA RIO BAHIA 1L|||UN|00|28289011||||18|1100100|
|0200|12358|LEITE PO INT INST LEITBOM 200G|||UN|00|04022110||||18|1701200|
|0200|10606|ARROZ URBANO PARB INT 1KG|37896038308058||CX|00|10063011||||0||
|0200|11223|CAFE PINGA FOGO ALMOF 250G|17898077230105||UN|00|21011110||||18||
|0200|9114|FUBA CORINGA 500G|||UN|00|11022000||||0||
|0200|12354|GELEIA LINEA DIET 230G AMORA|7896001215009||UN|00|20079910||||18|1709400|
|0200|12253|MILHO VERDE PALADORI LT 200G|17899659900614||UN|00|20058000||||18|1709200|
|0200|12355|SABAO PEDRA YPE 5X200G NEUTRO|7896098900109||UN|00|34011900||||18|2003501|
|0200|10576|BL BANDEJA MORANGO BETA 540G|7898403780574||UN|00|04039000||||18||
|0200|811|GUARANA CHP ANTARCTICA LATA 350ML SH C1|||CX|00|22021000||||18||
|0200|10378|ADOCANTE MARATA SACARINA LIQ CXA 1 X 12 100ML|17898286202238||UN|00|21069090||||0||
|0200|7344|BISCPILAR CREAM CRACKER PREMIUM CXA 1 X|||CX|00|19059090||||0||
|0200|7588|CREMOGEMA TRADICIONAL CXA 1 X 24 500G|||CX|00|19011030||||18||
|0200|301|FLOCAO ARROZ CORINGA FDO 1 X 10 500G|||UN|00|11041900||||18||
|0200|12256|LEITE EM PO INTEGRAL BIG LEITE 50X200G 50X200G QTD 10000 FD|7898219120137||PT|00|04022110||||18||
|0200|11701|LEITE DESNATADO PRONTU 50X200G 50X200G QTD 5000 FD|||PT|00|04022120||||18||
|0200|12342|FARINHA LACTEA MILKLY 25X200G 25X200G QTD 500 FD|7898219120625||PT|00|19011020||||18||
|0200|10232|CC PET 2L|7894900019926||UN|00|22021000||||18||
|0200|11018|FEIJAO BRANCO PINK 6X500G|||UN|00|07133399||||18||
|0200|12364|SAL SH GRILO DOCE 2000X1G|7898994119524||CX|00|25010020||||18||
|0200|10894|GRAO BICO PINK 6X500G|||UN|00|07132090||||18||
|0200|11579|GELAT ABACAXI LIGHT LOWCUCAR 10X200G|7896292005303||CX|00|35030019||||18||
|0200|10177|GELAT CEREJA LIGHT LOWCUCAR 10X200G|7896292005310||CX|00|35030019||||0||
|0200|12149|GELAT NEUTRA PO RAVAX 1KG|7898466012216||UN|00|35030019||||18|2804300|
|0200|11066|PUDIM CHOC NEILAR 1KG|7896706301335||UN|00|21069021||||18||
|0200|5767|SACO PLIXO ELEFANTE 75X90X06 PRETO100LT|||PC|00|39232190||||18||
|0200|12369|FILE DE PMERLUZA POLLOCK JETFISH 10X1KG|6934954400095||CX|00|03047500||||18||
|0200|11951|AMACIANTE DE CARNE AJINOMOTO 1,1KG AJINOMOTO 6X1,1KG|7891132005888||UN|00|21039029||||0||
|0200|12309|COXASOBRECOXA DE FINDIV SABOROSO 20KG|7898913236257||CX|00|02071400||||18|1708700|
|0200|12290|PX FILE DE MERLUZA ARG INTER 60200G 4,5KG|||KG|00|03047400||||18||
|0200|10664|CR SUI PERNIL SEM OSSO CONG SEARA CX18 A 25KG|||KG|00|02032900||||0||
|0200|10130|RESMA DE PAPEL CRISTAL 50X70|||UN|00|48064000||||18||
|0200|7582|MARGARINA BECEL CR VEG ORIG SS PTE 250G|||UN|00|15179090||||18||
|0200|512|MOSTARDA DUSUL 800G|||UN|00|21033021||||18||
|0200|11166|PALITO DENTE BAMBU C1000|7898946757330||UN|00|44219100||||18||
|0200|11964|SACO LIXO 40L PRE 57X57X0,05 14|||CX|00|39232190||||0|2806100|
|0200|10404|GARFO REFFORTE STRAWPLAST BRANCO 10X50|17898202615067||CX|00|39241000||||0||
|0200|10403|FACA REFFORTE STRAWPLAST BRANCA 10X50|17898202617061||CX|00|39241000||||0||
|0200|6982|COLHER REFFORTE STRAWPLAST BRANCA 10X50|||CX|00|39241000||||0||
|0200|10725|CATCHUP TAMBAU 830 GR|7896945400813||UN|00|21032010||||18||
|0200|12368|TAMPA MARATA PPOTES TM 82 40X50 2000|||UN|00|39235000||||18||
|0200|12294|PAPEL HIGFOFEX SOFT AZUL 16X4 30M|0000000265676||UN|00|48181000||||18||
|0200|11022|EQL E Y NO LUER  REF: 10007201 No Lote: EQP1778249Data: 20220831|||UN|00|90183929||||18||
|0200|8011|PEPTAMEN JUNIOR 400GR  REF: 12191037 N|||UN|00|21069090||||18||
|0200|7448|ENSURE PLUS BAUNILHA TETRAPACK 200ML UND|||UN|00|21069090||||18||
|0200|7755|ENSURE PLUS CHOCOLATE TETRAPACK 200ML UN|||UN|00|21069090||||18||
|0200|11979|ABBOTT ENSURE PLUS BAUNILHA TETRAPACK 200ML UND|||CX|00|21069090||||18|1709700|
|0200|8384|ABBOTT ENSURE PLUS CHOCOLATE TETRAPACK 2|||LT|00|21069090||||18||
|0200|11978|FRESUBIN ENERGY FIBRE 1500 ML|4086000009935||PC|00|21069090||||18||
|0200|11587|FREBINI ORIGINAL FIBRE 500ML|4051895005249||PC|00|21069090||||18||
|0200|12219|COPO MARATA CM 200 PREFRIGERANTE 25 X 100 2500 UN|7890017001939||CX|00|39241000||||18|1400600|
|0200|12375|MILH VDE QUERO LT 24X 200G|02800003152861||CX|00|20058000||||18|1709200|
|0200|12241|REFRI GUAR ANTARC 12X350 ZERO|07891991004756||CX|00|22021000||||18|0300700|
|0200|10525|LUVA DE NEOLATEX NEOPRENE TAMM|||UN|00|40151900||||18||
|0200|7557|BOTA DE PVC CANO MEDIO BRANCA S FORRO 4|||UN|00|64019200||||0||
|0200|11506|ADOCANTE PO TAL E QUAL 500G|7896060009861||UN|00|21069090||||18||
|0200|12205|BANANA COMPRIDA KG|||UN|00|20079910||||18||
|0200|12370|CERVEJA ITAIPAVA 350ML|7897395020132||UN|00|22030000||||18|0302100|
|0200|12372|NUTREN ACTIVE 400G MOR|7891000234204||UN|00|21069030||||18||
|0200|12374|SILICONE PROAUTO MULTIUSO 321ML|7896189226811||UN|00|34059000||||18||
|0200|6678|NEO ADVANCED 400G|||LT|00|21069090||||18||
|0200|10222|SERINGA DESC SR 20 ML SAGULHA LS|7898259490900||UN|00|90183119||||18||
|0200|10248|MANTEIGA NATVILLE 500 G  24 UNIDADES|7898387120083||CX|00|04051000||||18||
|0200|8909|LEITE UHT INT VIT BETANIA TP ROSCA 1000|||UN|00|10062010||||18||
|0200|12376|SACO P LIXO 80X90X06 PRETO ESPECIAL|||UN|00|39232990||||18|1101200|
|0200|10951|BATATA PALHA GOLD 500G|7898282740096||PC|00|20052000||||18||
|0200|12357|COPO PP 250ML ULTRA ESTRIADO BRC2000|7898302980112||CX|00|39241000||||18|1400600|
|0200|12367|COPO PP 300ML ULTRA ESTRIADO BRC2000|7890019699110||CX|00|39241000||||18|1400600|
|0200|10225|POTES ULTRACOPOS 100ML C2000UN|7898339190072||UN|00|39239000||||18||
|0200|11902|Sobretampa 9003 Normal Cx C600 und|||CX|00|39235000||||0||
|0200|12269|Tampa Para Sobretampa 9003  9001 Branca , Caixa com 600 und|||UN|00|39235000||||18||
|0200|10647|ONU 1075 GASES DE PETROLEO, LIQUEFEITOS, 21, GPLGLP GRANEL|||KG|00|27111910||||18||
|0200|2113|Colorif Kim 100g|||KG|00|21039021||||18||
|0200|2139|Temp Misto DC 100g|||KG|00|21039021||||18||
|0200|9617|IMPACT PEPTIDE 15 SF 1000ML  REF: 1230|||UN|00|21069090||||18||
|0200|11014|ACEMPESCOCOCOSTELA DO DIANTEIRO|7899055803017||KG|00|02023000||||18||
|0200|12380|BATATA PALHA GOLD 500GR301336|7890013483555||PC|00|20041000||||18|1709100|
|0200|7465|CALOGEN SSABOR 200ML|||UN|00|21069090||||18||
|0200|10101|NUTRI RENAL D 20 TP 1000ML|7897426401350||UN|00|21069090||||18||
|0200|8474|APTAMIL SOJA 1 400G|||LT|00|19011010||||18||
|0200|5172|APTAMIL SOJA 2 400 G|||LT|00|19011010||||18||
|0200|12377|PNEU GOODYEAR 17570 R14 TOURING 88T|7898624150262||UN|00|40111000||||18|1600100|
|0200|8883|REQUEIJAO CREMOSO BETA 200G|||UN|00|10062010||||18||
|0200|12261|MARGARINA PRIMOR TODO DIA 500G|||UN|00|15171000||||18|1702600|
|0200|11576|HAMBURGUER GRAN FILE CX 2,80KG|7896481952821||CX|00|16025000||||18||
|0200|12385|PXBACALHAU SAITHE NORUEGA 1012 25KG|||CX|00|03054910||||18||
|0200|12246|CARNE BOVRABADA CONG MARFRIG +20KG|7899638314060||KG|00|02023000||||18|1708400|
|0200|12383|BACALHAU DESFIADO RUIBAOYUAN 10X1KG|7898948753040||CX|00|03056990||||18||
|0200|11669|CARNE BOVCOSTELA CONG TIRA MAFRIPAR +16KG|7896084215644||KG|00|02022090||||18||
|0200|12339|AZEITONA VERDE INT SH 24X100G HADA 24X100G CX24|7898903667740||CX|00|20057000||||18|1709200|
|0200|12308|FILE PEITO FRANGO INDIVIDUAL SOMAVE 18KG|7898493030221||CX|00|02071400||||18|1708700|
|0200|11604|ARROZ T VIEIRA PARB T1 30X1KG|7898902735037||UN|00|10063021||||18||
|0200|12277|FGO COXASOBRECOXA FRIATO CX20KIND|||KG|00|02071400||||18|1708700|
|0200|12384|BOV COSTELA TIRA CONG PLENA CX25K GRAN|||KG|00|02022090||||18|1708400|
|0200|7502|IMPACT TORTA DE LIMAO 200ML  REF: 12130|||UN|00|21069090||||18||
|0200|10132|FOLHA DESC ALU MOLD BAND 03 DIV EM Y|7897384700137||CX|00|76071190||||18||
|0200|11635|RT ALET Ø38 450MM 1,8KW220V|||UN|00|85168090||||18||
|0200|12382|CABO FIBRA VIDRO INOX 400C Ø4MM|||UN|00|85444900||||18||
|0200|11820|ERVILHA 24X200 LT STELLA DORO|||CX|00|20054000||||0|1709200|
|0200|12408|PRODUTO A BASE DE MASSA DE MUSSARELA|7898264360038||KG|00|04061010||||18||
|0200|10113|PEPTAMEN INTENSE SF 100ML  REF: 12259734 No Lote: 6298572115Data: 20171024|7891000106587||UN|00|21069090||||18||
|0200|7340|NUTREN SENIOR 200ML MIX DE FRUTAS  REF:|||UN|00|21069090||||18||
|0200|9565|RESOURCE THICKEN UP CLEAR 125GR  REF:|||UN|00|21069090||||18||
|0200|12421|FRESUBIN ORIGINAL FIBRE 1000 ML|4086000007030||PC|00|21069090||||18||
|0200|11666|FRESUBIN ORIGINAL FSMP 1000 ML L EB IN|4086000007009||PC|00|21069090||||18||
|0200|11590|DIBEN 1000 EB|7890015832665||PC|00|21069090||||18||
|0200|12386|ARROZ PARB URBANO 1KG|||UN|00|10063011||||18||
|0200|2318|MALTODEXTRINA 1000G NATURAL|||UN|00|21069030||||18||
|0200|11957|APTAMIL 2 PROFUTURA X 800G|7891025112709||UN|00|19011090||||0||
|0200|12048|APTAMIL AR 400G|7891025112655||LT|00|19011090||||18||
|0200|12341|NUTRI FIBER 12kcalml 1000ML|7897426401060||UN|00|21069090||||18||
|0200|10967|CARNE BOVLAGARTO CONG COOPERFRIGU +22KG|||KG|00|02023000||||18||
|0200|8792|CREAM CRACKER 20 X 400 G|||CX|00|19053100||||0||
|0200|8793|MARIA 20 X 400 G|||CX|00|19053100||||0||
|0200|8795|MAIZENA 20 X 400 G|||CX|00|19053100||||0||
|0200|11472|ARROZ TIO ALEMAO PARB LF TIPO1 30X1 LOTE: 0192018 CERTN 3459|||CX|00|10062010||||18||
|0200|10233|KT PET 2L|7894900919929||UN|00|22021000||||18||
|0200|9563|CC LATA 350ML|||UN|00|22021000||||0||
|0200|12389|PRESUNTO COZ OVAL SCAPA GORDURA SAUDALI CX7KPC3,5|||KG|00|16024900||||18||
|0200|10275|LINGUICA DE PERNIL ESPECIAL 2 X 5 KG|7898229380101||KG|00|16010000||||18||
|0200|3675|BACON RETALHO DEF|||KG|00|10062010||||18||
|0200|5253|COSTELA PONTA SALGADA 10 KG|||KG|00|10062010||||18||
|0200|961|PE SALGADO 10 KG|||KG|00|10062010||||18||
|0200|5378|LINGUICA CALABRESA DEF 2,5 KG|||KG|00|16010000||||18||
|0200|5783|PRESUNTO BOM SABOR|||KG|00|16024900||||18||
|0200|11892|BIOFRASCO NUTRI 100 ML|||UN|00|39269030||||0||
|0200|12133|BEMVITAL TCM COM AGE 250ML|7890012031689||UN|00|21069030||||18||
|0200|11809|VIREX DETERGENTE HEALTH 5L|||UN|00|38089419||||0||
|0200|11589|FREBINI ORIGINAL  500 ML|4051895005225||PC|00|21069090||||18||
|0200|1465|JEVITY PLUS RTH 1000ML LT|||LT|00|21069090||||18||
|0200|7453|OSMOLITE PLUS HN RTH 1000ML LT|||LT|00|21069090||||18||
|0200|7047|FREBINI ENERGY  500 ML|||PC|00|21069090||||18||
|0200|7012|NUTREN 20 200ML VITAMINA DE FRUTAS  RE|||UN|00|21069090||||18||
|0200|11791|NESTON 3 Cereais Sachet 12x210g BR|7891000098967||CX|00|11042900||||0||
|0200|9192|AVENTAL CIR MANGA LONGA BRANCO PCT C10 U|||PC|00|62101000||||18||
|0200|12381|SERINGA DESC SR 20ML SAG LS BICO CENTRAL UND|7898259496018||UN|00|90183119||||18||
|0200|11450|GLUCERNA BAUNILHA TETRAPACK 1000ML LT|7891158102813||LT|00|21069090||||18||
|0200|8445|ABBOTT JEVITY PLUS RTH 1000ML LT|||LT|00|21069090||||18||
|0200|6356|ABBOTT OSMOLITE HN PLUS RTH 1000ML LT|||LT|00|21069090||||18||
|0200|7467|CUBITAN BAUNILHA 200ML|||UN|00|21069090||||18||
|0200|7689|FORTINI EM PO SSABOR 400G|||LT|00|21069030||||18||
|0200|10102|MILUPA 1 400G|8712400778626||LT|00|19011010||||18||
|0200|10265|NUTRI RENAL 20 TP 200ML|7897426401114||UN|00|21069090||||18||
|0200|12217|COPO MARATA CM 250 20 X 100 2000 UN|7890019126371||CX|00|39241000||||18|1400600|
|0200|12378|COPO MARATA CM 300 20 X 100 2000 UN|17898287990158||CX|00|39241000||||18|1400600|
|0200|12220|POTE MARATA PM 100 PSORVETE 20 X 100 2000 UN|17898287990653||CX|00|39239000||||18||
|0200|12222|TAMPA MARATA PPOTES TM 75 40 X 50 2000 UN|7890011029977||CX|00|39235000||||18||
|0200|12223|TAMPA MARATA PPOTES TM 82 40 X 50 2000 UN|17898287990721||CX|00|39235000||||18||
|0200|12393|PORCA 12 SAE|||PC|00|74122000||||18|1006500|
|0200|12394|PORCA 14 SAE|||PC|00|74122000||||18|1006500|
|0200|12395|CANO COBRE PANC 132F 06,35 14 0,123|||KG|00|74111010||||18|1006400|
|0200|12396|DICLOROFLUORETANO R141B 13,6KG ONU 1078 DUGOLD|||KG|00|29037300||||18|2806300|
|0200|12397|FILTRO DML 164R 350X12R DANFOSS|||PC|00|84213990||||18|0109500|
|0200|12398|CURVA DE COBRE 90 X 34 P 0,97MM|||PC|00|74122000||||18|1006500|
|0200|12399|FLUIDO REF R402B HP81 ONU316322 GR 5,90KG CHEMMOURS|||KG|00|38247810||||18|2899900|
|0200|12400|OLEO MONTREAL 160P MINERAL|||LT|00|29171220||||18|2899900|
|0200|12401|SEP OLEO 34 SOLDA HEMETICO|||PC|00|84213990||||18|0109500|
|0200|12402|SOLDA 5% PRATA SILFOSC 250MM BRASTAK|||KG|00|71069210||||18||
|0200|12403|SOLDA FOSC AG BANHADA 250MM BRASTAK|||KG|00|74072929||||18|1006300|
|0200|12404|COMP MANEUROP MT 643 220V TRIF|||PC|00|84143019||||18|2899900|
|0200|11960|PACOTE CHARTAM ECONOMY BRANCO 1000 FOLHAS|||PC|00|48182000||||0|2004400|
|0200|11281|MINGAU NUTRILON AVEIAARROZ SC|7891331009922||UN|00|19011090||||18||
|0200|11069|MINGAU NUTRILON MULTCEREAIS SC|7891331009175||UN|00|19011090||||18||
|0200|12407|MARGARINA VITARELLA 60 LIPIDIOS 24X250G|27891152506819||CX|00|15171000||||18||
|0200|10751|FEIJAO PRETO T VIEIRA 10X1KG|7898902735334||UN|00|07133311||||18||
|0200|5311|FARINHA TRIGO BRAND TRAD 10X1KG|||UN|00|11010010||||18||
|0200|697|FLOCAO M T VIEIRA 20X500GR|||UN|00|10059010||||18||
|0200|710|MILHO MUGUNZA T VIEIRA 20X500G|||UN|00|10059010||||18||
|0200|11433|ARROZ T VIEIRA INTEGRAL T1 10X1KG|7898902735877||UN|00|10063021||||18||
|0200|12311|MISTURA BOLO DONA BENTA DELICIAS CHOC 3X1X450G QTD 100 PC|7896005217023||UN|00|19012000||||18|1704600|
|0200|12314|BISCSOL SALGADHIT PRESUNTO 6X80G QTD 100 PC|7896005217467||UN|00|19059020||||18|1705400|
|0200|12392|MACARRAO DONA BENTA LASANHA DIRETO FORNO 6X200G QTD 100 PC|7896005206416||UN|00|19021100||||18|1704900|
|0200|11603|ESPONJA FIBRACO P 3M|||UN|00|68053090||||18||
|0200|12390|RODO DRY 45CM AZUL BRALIMPIA|7898319327337||UN|00|96039000||||18||
|0200|12391|CABO 1,40M X 22MM C ROSCA ACME BRALIMPIA|7898319320734||UN|00|96039000||||18||
|0200|11970|CAFE VP JARDIM TRAD 20X250|02800045700600||CX|00|09012100||||18|1709600|
|0200|11568|TAMPA ARTICULADA BRANCO H02|7898302983502||UN|00|39239000||||18||
|0200|12422|SACO AD 19X19X2,0 PIGBRANCO IMP|||UN|00|39232990||||18||
|0200|2725|SACO AD 10X22X2,0 TRANSPLISO|||UN|00|39232110||||18||
|0200|12414|BISCPILAR CREAM CRACKER INTEGRAL CXA 1 X 20 420G|7890010387672||UN|00|19059090||||18|1705600|
|0200|12317|OLEO SOJA VILA VELHA 900ML *|||UN|00|15079011||||18|1706500|
|0200|10231|IOG GREGO DESNT LIGHT BETA 400G|7898403781960||UN|00|04031000||||18||
|0200|12092|PACOCA PACOCROC 150UN|7898029652873||CX|00|20081100||||18||
|0200|9621|COCADA DE AMENDOIM C20 UNID 350G|||PC|00|20079990||||18||
|0200|10178|GELAT MORANGO NEILAR 1KG|7896706301229||UN|00|21069029||||0||
|0200|11105|AVEIA FLOCOS PINK 20X500G|7896229602384||UN|00|11041200||||18||
|0200|12406|GRAO BICO PINK 6X500G|7896229600243||UN|00|07132090||||18||
|0200|10895|ERVILHA SECA PINK 6X500G|||UN|00|20054000||||18||
|0200|6860|EXTRATO TOMATE "AJINOMOTO" AJINOMOTO 2KG|||UN|00|20029090||||18||
|0200|10814|AZEITE DE OLIVA EV PET 500ML COCINERO 500ML 12|7790070218216||UN|00|15091000||||18||
|0200|10321|FARINHA DE MANDIOCA ISABELLY|7898211150057||UN|00|23011090||||0||
|0200|5320|CONJUNTO MANGAS CURTAS|||UN|00|62032200||||18||
|0200|12424|HERC 11581 TOR MULT USO 15CM 12|7898059544964||UN|00|84818099||||18|1007900|
|0200|11052|FIGADO BOV FRIBOI +25KG|7890013533113||KG|00|02062200||||18||
|0200|12388|CARNE BOVPATINHO CONG MAFRIPAR +23KG|7896084201128||KG|00|02023000||||18|1708400|
|0200|12151|BEB ENERGY DRINK NIGHT POWER 269ML|7896065870701||UN|00|22029900||||18||
|0200|12425|BROCOLIS NINJA|7898918948421||UN|00|07041000||||18||
|0200|12426|COUVE FLOR|7898962130650||UN|00|07041000||||18||
|0200|12371|LARANJA PERA KG|||UN|00|08051000||||18||
|0200|12427|LAVA LOUCA POLIAL 500ML NEUTRO|17898174173169||UN|00|34022000||||18|1100100|
|0200|12209|LEITE PO SERENISSIMA INTINST 400G|7793940463006||UN|00|04022910||||18||
|0200|12431|MUCILON SACHET 230G MULTICEREAIS|7890012025688||UN|00|19011090||||18|1701500|
|0200|12432|OLEO CANOLA SALADA PET 900ML|7891107111927||UN|00|15141910||||18|1707000|
|0200|12433|RUCULA|7898961037172||UN|00|07097000||||18||
|0200|8802|SAL MOIDO VENEZA 1KG|||UN|00|25010020||||18||
|0200|8759|BOTA DE COURO SBID CELAS USAFE N 4|||UN|00|64059000||||18||
|0200|10979|BOTA DE PVC CANO MEDIO BRANCA S FORRO 44|||UN|00|64019200||||18||
|0200|10301|SAPATO OCUPACIONAL TPREXP MOOV BRANCO N 41|||UN|00|64019990||||0||
|0200|10188|SAPATO OCUPACIONAL TPREXP MOOV BRANCO N 36|||UN|00|64059000||||18||
|0200|10524|SAPATO OCUPACIONAL TPREXP MOOV BRANCO N 35|||UN|00|64059000||||18||
|0200|12409|PERNIL SUI SO ESTRELA CX±20KG|||KG|00|02032900||||18||
|0200|10956|FILE DE PMERLUZA INTERFIMP EL MARISCO 7KG3|||UN|00|03047400||||18||
|0200|11721|TORRADA DE MANTEIGA|7890000065009||KG|00|19059090||||18||
|0200|11028|BIOFRASCONUTRI ENTERAL 300ML No Lote: L167497Data: 20221116|||UN|00|39269030||||18||
|0200|11021|EQL E NS Y NO LUER LF 2001  REF: 10008228 No Lote: EQP1778453Data: 20220930|||UN|00|90183929||||18||
|0200|10708|BIOEQUIPO C FILTRO AR No Lote: BWC1010616Data: 20180930|||UN|00|90183999||||18||
|0200|10761|GLUCERNA 1,5 RTH 1000ML LT|7891158100437||LT|00|21069090||||18||
|0200|7449|GLUCERNA RPB BAUNILHA 200ML PACK UND|||UN|00|21069090||||18||
|0200|10683|GLUCERNA RPB CHOCOLATE 200ML PACK UND|7891158102110||UN|00|21069090||||0||
|0200|7499|ISOSOURCE 1,5 1000ML  REF: 12127764 No|||UN|00|21069090||||18||
|0200|7500|PEPTAMEN HN SF 500ML  REF: 12183044 No|||UN|00|21069090||||18||
|0200|7501|NOVASOURCE GC 15 SF 1000ML  REF: 12234|||UN|00|21069090||||18||
|0200|8006|ISOSOURCE 1,5 SF 1000ML  REF: 9523855 N|||UN|00|21069090||||18||
|0200|6492|NUTREN SENIOR 200ML CHOCOLATE  REF: 122|||UN|00|21069030||||18||
|0200|11481|NOVASOURCE PROLINE 27X200M No Lote: 8006046052Data: 20190101|||UN|00|21069090||||18||
|0200|8013|RESOURCE FIBERMAIS FLORA CX 6 SACHES 5G|||UN|00|21069090||||18||
|0200|9482|GLUTAMAX CX 20 SACHES 5GR|||UN|00|21069030||||0||
|0200|8789|SIMFORT CX 30 SACHES 2GR|||UN|00|21069030||||0||
|0200|7525|NESTOGENO 1 400GR  REF: 12182305 No L|||UN|00|10062010||||18||
|0200|11588|FRESUBIN HP ENERGY 1000 ML EB|7890013875800||PC|00|21069090||||18||
|0200|11891|FRESUBIN LIPID EB 500 ML|4051895002613||PC|00|21069090||||0||
|0200|11582|FREBINI ENERGY  500 ML|4051895005263||PC|00|21069090||||18||
|0200|12014|FRESUBIN 5KCAL SHOT DRINK CREME 120ML|7890013215477||CX|00|21069090||||18||
|0200|7461|PRE NAN 400GR  REF: 12094297 No Lote:|||UN|00|10062010||||18||
|0200|11855|HDMAX 200 ML|7890015997623||PC|00|21069090||||0||
|0200|11580|FRESUBIN PROTEIN ENERGY DRINK  VANILA|7890017375061||PC|00|21069090||||18||
|0200|11581|FRESUBIN PROTEIN ENERGY DRINK  CHOCOLAT|7897947703261||PC|00|21069090||||18||
|0200|11601|FRESUBIN PROTEIN ENERGY DRINK CAPUCCINO|7897947703490||PC|00|21069090||||18||
|0200|11583|FRESUBIN PROTEIN POWDER|4051895001401||PT|00|21069090||||18||
|0200|11584|FRESUBIN 2KCAL HP|4051895004877||PC|00|21069090||||18||
|0200|11585|FRESUBIN PROTEIN ENERGY DRINK  FR VERME|7897947703537||PC|00|21069090||||18||
|0200|11709|FRESUBIN PROTEIN ENERGY DRINK ABACAXI|7897947703506||PC|00|21069090||||18||
|0200|11715|FRESUBIN PROTEIN ENERGY DRINK AVELA|7897947703254||PC|00|21069090||||18||
|0200|11641|FRESUBIN 2KCAL HP FIBRE 500ML|||BL|00|21069090||||18||
|0200|7548|GLUTAMAX 10 GR|||UN|00|21069030||||18||
|0200|7938|SIMFORT 2G  30 SACHES|||CX|00|21069030||||18||
|0200|10578|NAN COMFOR 1 400GR  REF: 12142466 No Lote: 7100046041Data: 20180401|7891000065389||UN|00|19011010||||0||
|0200|12420|NINHO Leite em Po Inst 24x400g BR|7890016374096||CX|00|04022110||||18|1701200|
|0200|12265|MAGGI Caldo de Galinha NPro 6x1,01kg BR|7891000120170||CX|00|21041019||||18||
|0200|10762|ABBOTT GLUCERNA 15 RTH 1000ML LT|||LT|00|21069090||||18||
|0200|6331|ABBOTT ENSURE PROTEINA RPB BAUNILHA 220M|||UN|00|21069090||||18||
|0200|10964|ABBOTT GLUCERNA RPB CHOCOLATE 200ML PACK LT|||LT|00|21069090||||18||
|0200|8243|ABBOTT JEVITY HICAL RTH 1000ML 15 LT|||LT|00|21069090||||18||
|0200|10803|SUMA D27 BB 5L|||UN|00|34021900||||18||
|0200|10822|SUMAVEG  BD 2KG DESINFETANTE FLV EM PO|||UN|00|38089419||||18||
|0200|10868|LIMPA ALUMINIO MMV|||UN|00|38089419||||18||
|0200|1921|FRASCO 200 ML|||UN|00|39233000||||18||
|0200|563|TAMPA PLASTICA PQ|||UN|00|39235000||||18||
|0200|8278|DIANTEIRO|||KG|00|16010000||||0||
|0200|11841|APTAMIL 1 PROFUTURA 400G|7891025112679||UN|00|19011090||||0||
|0200|5887|NEOCATE LCP UPGRADE LT400G|||UN|00|21069090||||18||
|0200|12093|DOCE DE BANANA SABORIZO 670G|||UN|00|20079990||||18||
|0200|12094|MARIOLA DE BANANA SABORIZO 300G|||UN|00|20079990||||18||
|0200|9927|QUENTINHA 240MLT90 CXC200 TERMICA R13|||CX|00|76129090||||18||
|0200|7686|APTAMIL SLACTOSE 400G|||LT|00|19011010||||18||
|0200|7493|CUBITAN CHOCOLATE 200ML|||UN|00|21069090||||18||
|0200|7468|CUBITAN MORANGO 200ML|||UN|00|21069090||||18||
|0200|7470|FORTINI MULTI FIBER BAUNILHA 200ML|||UN|00|21069030||||18||
|0200|7494|FORTINI MULTI FIBER CHOCOLATE 200ML|||UN|00|21069030||||18||
|0200|7471|FORTINI MULTI FIBER MORANGO 200ML|||UN|00|21069030||||18||
|0200|10264|NUTRI LIVER 14kcalml 200ML Baunilha|7897426401107||UN|00|21069090||||18||
|0200|1538|PREGOMIN PEPTI 400G|||LT|00|21069090||||18||
|0200|11899|SMART ROLO VABENE 40CM X 28CM 600 P BRANCO|7898546004186||RL|00|56039220||||0||
|0200|12098|LUVA VINIFLEX VABENE  G  100UNBOX  10BOXCX|17898546006354||CX|00|39262000||||18||
|0200|10440|1705TOUCA SANFONADA TNT VABENE100UNPCT50PCTCX|17898546005579||CX|00|65069900||||18||
|0200|10439|1512MASCARA DUPLA TNT VABENE100 UNPCT50 PCTCX|17898546005562||CX|00|63079010||||18||
|0200|11900|LUVA PLASTICA VABENE  100 UNPCT  100 PCTCX|17898546006101||CX|00|39262000||||0||
|0200|12005|ACUCAR CRISTAL NOTA 10 30X1|7898257600066||CX|00|17019900||||18||
|0200|1911|POLPA DE CAJU 1KG POMAR|||UN|00|20060000||||18||
|0200|1690|POLPA DE GRAVIOLA 1KG POMAR|||UN|00|20060000||||18||
|0200|1691|POLPA DE UMBU 1KG POMAR|||UN|00|20060000||||18||
|0200|3399|POLPA DE UMBUCAJA 1KG POMAR|||UN|00|10062010||||18||
|0200|11670|MARGARINA PREDILETA 15KG|||UN|00|15171000||||18||
|0200|12405|LEITE DE COCO TRADICIONAL INCOCO 500ML|||UN|00|20098921||||18||
|0200|2088|FEIJAO PREM T VIEIRA TIPO 1 30X1KG|||UN|00|10062010||||18||
|0200|2163|FEIJAO FRADINHO T VIEIRA 10X1KG|||UN|00|10062010||||18||
|0200|10991|FERMENTO PO QUIM D BENTA TRAD 12X100GR|7896005279489||UN|00|21023000||||18||
|0200|12434|ERVILHA BONARE 24X 200G|02800003515789||CX|00|20054000||||18|1709200|
|0200|11145|0000000049  NG BEB LAC MORANGO 900G CX12UN|17898141550313||CX|00|22029900||||18||
|0200|12415|ABACAXI|||UN|00|08043000||||18||
|0200|10135|ADOCANTE LIQ LINEA 75ML|7896001250628||UN|00|21069090||||18||
|0200|12416|BEB LACTEA DANONINHO 540G MOR|7891025112143||UN|00|04039000||||18|1702100|
|0200|12086|CR VEG BECEL 250G SSAL|27891515901183||CX|00|15179090||||18||
|0200|12417|MELAO AMARELO KG|||UN|00|08071900||||18||
|0200|11443|REFRIG KUAT 2LT GUARANA|7894900918298||UN|00|22021000||||18||
|0200|12373|REFRIG SCHIN 2LT LARANJA|7896052600090||UN|00|22021000||||18|0300700|
|0200|12418|TRIGO PKIBE YOKI 500G|7891095400751||UN|00|11042900||||18||
|0200|12419|VODKA NAC BALAKOV 920ML|7898339110032||UN|00|22086000||||18|0299900|
|0200|9098|INFATRINI PB 125ML|||UN|00|19011090||||18||
|0200|12113|COLHER REF BR A GR C500 15X29X20 N|||CX|00|39241000||||18||
|0200|12114|FACA REF BR A GR C500 15X29X20 N|||CX|00|39241000||||18||
|0200|12115|GARFO REF BR A GR C500 15X29X20 N|||CX|00|39241000||||18||
|0200|10190|NESTOGENO 2 400GR  REF: 12183204 No Lote: 7079046041Data: 20180601|7891000056615||UN|00|04022110||||18||
|0200|10249|CREME DE LEITE BETA 200G|7898403780925||UN|00|04015021||||18||
|0200|8785|L FER GAR BELLE LIGHT AMEIXA BETA 900G|||UN|00|10062010||||18||
|0200|8786|LEI FER BELLE LIGHT PAPAIA C LINHACA 900|||UN|00|10062010||||18||
|0200|10250|L FER GAR BELLE LIGHT MORANGO BETA 900G|7898403781465||UN|00|04039000||||18||
|0200|10192|COXASOBRECOXA DE FINDIV AVIVAR 20KG|7898312041339||CX|00|02071400||||18||
|0200|11051|FILE PEITO FRANGO INDIVIDUAL GRANJEIRO 20KG|7898337241165||CX|00|02071400||||18||
|0200|11842|FANTA GUAR LT 350 ML|27894900093005||UN|00|22021000||||0|0301100|
|0400|10|Compra|
|0460|721|ICMSST retido na fonte|
|0460|722|NOTA REFERENTE TRANSFERÊNCIA DE MERCADORIA DA MATRIZ NUTRIL REFEIÇÕES,NA RUA BAHIA,N1584,SIQUEIRA CAMPOS,PARA O HOSPITAL UNIVERSITARIO DE SERGIPE, NA RUA CLAÚDIO BATISTA,N505,PALESTINAPARA ATENDE CONTRATO DE ALIMENTAÇÃO N0152014|
|0460|723|DADOS BANCÁRIOS BANCO DO BRASIL AG 12246 CONTA 1291009, BANESE AG 014 TIPO 03 CONTA 1271926 OBSERVAÇÃO: NOTA REFERENTE PERIODO DE 01 A 31 DE OUTUBRO DE 2018|
|0460|724|DADOS BANCÁRIOS BANCO DO BRASIL AG 12246 CONTA 1291009, BANESE AG 014 TIPO 03 CONTA 1271926 OBSERVAÇÃO: NOTA REFERENTE PERIODO DE 01 A 31 DE OUTUBRO DE 2018 DO PRESIDIO DA POLICIA MILITARPRESMIL|
|0460|725|DADOS BANCÁRIOS BANCO DO  BRASIL AG 12246 CONTA 1291009, BANESE AG 014 TIPO 03 CONTA 1271926 OBSERVAÇÃO: NOTA REFERENTE PEDIDOS DO MÊS DE OUTUBRO DO HOSPITAL DESCOY|
|0460|726|DADOS BANCÁRIOS BANCO DO BRASIL AG 12246 CONTA 1291009, BANESE AG 014 TIPO 03 CONTA 1271926NOTA REFERENTE PERIODO DE 16 À 31 DE OUTUBRO|
|0460|727|DADOS BANCÁRIOS BANCO DO BRASIL AG 12246 CONTA 1291009, BANESE AG 014 TIPO 03 CONTA 1271929|
|0460|728|Inspecao Federal  SIF 3487   Vencimento: 23112018   N Fan: NUTRIL REFEICOES   Cond Pag: 21 DD BOLETO   Vendedor: 12  MFIGUEIREDO   Pedido: 92704   Carga: 2272|
|0460|729|DADOS BANCÁRIOS BANCO DO BRASIL AG 12246 CONTA 1291009, BANESE AG 014 TIPO 03 CONTA 1271926 NOTA REFERENTE PERIODO DE 01 A 31 DE OUTUBRO DE 2018 DO PARREIRA HORTA E HEMOSE|
|0460|730|DADOS BANCÁRIOS BANCO DO BRASIL AG 12246 CONTA 1291009, BANESE AG 014 TIPO 03 CONTA 1271926 NOTA REFERENTE PERIODO DE 16 A 31 DE OUTUBRO DE 2018|
|0460|731|DADOS BANCÁRIOS BANCO DO BRASIL AG 12246 CONTA 1291009, BANESE AG 014 TIPO 03 CONTA 1271926 NOTA REFERENTE ALIMENTAÇÃO NO PERIODO DE 01 A 31 DE OUTUBRO DE 2018 DA UPA ZONA SUL, DE ACORDO COM CONTRATO N 2062014,4 TERMO ADITIVO,COM VIGÊNCIA DE 19082018 À 18|
|0460|732|DADOS BANCÁRIOS BANCO DO BRASIL AG 12246 CONTA 1291009, BANESE AG014 TIPO 03 CONTA 1271926 NOTA REFERENTE PERIODO DE 01 A 31 DE OUTUBRO DE 2018|
|0460|733|NOTA REFERENTE TRANSFERÊNCIA DE MERCADORIA DA MATRIZ NUTRIL REFEIÇÕES, NA RUA BAHIA,N1584,SIQUEIRA CAMPOS,PARA O HOSPITAL UNIVERSITARIA DE SERGIPEHU,NA RUA CLAUDIO BATISTA,N505,PALESTINAPARA ATENDER CONTRATO DE ALIMENTAÇÃO N0152014|
|0460|734|NOTA REFERENTE TRANSFERÊNCIA DE MERCADORIA DA MATRIZ NUTRIL REFEIÇÕES,NA RUA BAHIA,N1584,SIQUEIRA CAMPOS,PARA O HOSPITAL DE URGÊNCIA DE SERGIPEHUSE,NA AVENIDA PRESIDENTE TANCREDO NEVES,SN,CAPUCHOPARA ATENDER CONTRATO DE ALIMENTAÇÃO N0122015|
|0460|735|DADOS BANCÁRIOS BANCO DO BRASIL AG 12246 CONTA 1291009, BANESE AG 014 TIPO 03 CONTA 1271926 NOTA REFERENTE PERIODO DE 01 A 31 DE OUTUBRO DE 2018|
|0460|736|DADOS BANCÁRIOS BANCO DO BRASIL AG 12246 CONTA 1291009, BANESE AG 014 TIPO 03 CONTA 1271926 NOTA REFERENTE PERIODO DE 01 A 31 DE OUTUBRO DE 2018 DO HOSPITAL UNIVERSITARIO DE SERGIPEHU,CONFORME CONTRATO N0152014|
|0460|737|DADOS BANCÁRIOS BANCO DO BRASIL AG12246 CONTA 1291009, BANESE AG014 TIPO 03 CONTA 1271926NOTA REFERENTE PERIODO DE 01 A 31 DE OUTUBRO DE 2018|
|0460|738|DADOS BANCARIOS BANCO DO BRASIL AG12246 CONTA 1291009, BANESE AG 014 TIPO 03 CONTA 1271926 NOTA REFERENTE PERIODO DE 01 A 31 DE OUTUBRO DE 2018 DA MATERNIDADE NOSSA SENHORA DE LOURDES, LOCALIZADA: NA AVENIDA PRESIDENTE TANCREDO NEVES,N5700,AMERICA, CONFOR|
|0460|739|DADOS BANCÁRIOS BANCO DO BRASIL AG 12246 CONTA 1291009, BANESE AG 014 TIPO 03 CONTA 1271926 NOTA REFERENTE ORDEM DE SERVIÇO N372018,EVENTO: "OFICINAS DE ELABORAÇÃO DO PLANO ESTADUAL DE EDUCAÇÃO PERMANENTE EM SAÚDE", CONFORME CI N 8242018COEPE|
|0460|740|DADOS BANCÁRIOS BANCO DO BRASIL AG 12246 CONTA 1291009, BANESE AG 014 TIPO 03 CONTA 1271926 NOTA REFERENTE PERIODO DO MÊS DE OUTUBRO DE 2018|
|0460|741|NOTA REFERENTE TRANSFERÊNCIA DE MERCADORIA DA MATRIZ NUTRIL REFEIÇÕES, NA RUA BAHIA, PARA O HOSPITAL DE URGÊNCIAHUSE, NA AVENIDA PRESIDENTE TANCREDO NEVES|
|0460|742|DADOS BANCÁRIOS BANCO DO BRASIL AG 12246 CONTA 1291009, BANESE AG 014 TIPO 03 CONTA 1271926NOTA REFERENTE PERIODO DE 01 A 31 DE OUTUBRO DE 2018 DO HOSPITAL DE URGÊNCIA DE SERGIPEHUSE, LOCALIZADO NA AVENIDA PRESIDENTE TANCREDO NEVES,SN,CAPUCHO,CONFORME CON|
|0460|743|NOTA REFERENTE TRANSFERÊNCIA DE MERCADORIA DA MATRIZ NUTRIL REFEIÇÕES, NA RUA BAHIA,N1584,SIQUEIRA CAMPOS, PARA A MATERNIDADE NOSSA SENHORA DE LOURDES,NA AVENIDA PRESIDENTE TANCREDO NEVES,N5700,AMERICAPARA ATENDER CONTRATO DE ALIMENTAÇÃO N0122015|
|0460|744|DADOS BANCÁRIOS BANCO DO BRASIL AG12246 CONTA 1291009,BANESE AG014 TIPO 03 CONTA 1271926NOTA REFERENTE PERIODO DE 01 A 31 DE OUTUBRO DE 2018 DA UPA ZONA NORTE, DE ACORDO COM CONTRATO N206:2014,4TERMO ADITIVO, VIGÊNCIA DE 19082018 À 18082019|
|0460|745|NOTA REFERENTE TRANSFERÊNCIA DE MERCADORIA DA MATRIZ NUTRIL REFEIÇÕES,NA RUA BAHIA,N1584,SIQUEIRA CAMPOS,PARA O HOSPITAL UNIVERSITARIO DE SERGIPEHU,NA RUA CLAÚDIO BATISTA,N505,PALESTINAPARA ATENDER CONTRATO DE ALIMENTAÇÃO N0152014|
|0460|746|NOTA REFERENTE TRANSFERÊNCIA DE MERCADORIA DA MATRIZ NUTRIL REFEIÇÕES,NA RUA BAHIA,N1584,SIQUEIRA CAMPOS, PARA A MATERNIDADE NOSSA SENHORA DE LOURDES,NA AVENIDA PRESIDENTE TANCREDO NEVES,N5700,AMERICA,PARA ATENDER CONTRATO DE ALIMENTAÇÃO N0122015|
|0460|747|NOTA REFERENTE TRANSFERÊNCIA DE MERCADORIA DA MATRIZ NUTRIL REFEIÇÕES, NA RUA BAHIA,N1584,SIQUEIRA CAMPOS,PARA O HOSPITAL DE URGÊNCIA DE SERGIPEHUSE, NA AVENIDA PRESIDENTE TANCREDO NEVES,SN,CAPUCHOPARA ATENDER CONTRATO DE ALIMENTAÇÃO N0122015|
|0460|748|DADOS BANCÁRIOS BANCO DO BRASIL AG12246 CONTA 1291009, BANESE AG 014 TIPO 03 CONTA 1271926 OBSERVAÇÃO: NOTA REFERENTE PERIODO DE 01 A 31 DE OUTUBRO DE 2018 DA ALIMENTAÇÃO DOS CAPS, CONFORME CONTRATO N206:2014,TERMO ADITIVO N4,COM VIGÊNCIA DE 19082018 À 18|
|0460|749|NOTA REFERENTE TRANSFERÊNCIA DE MERCADORIA DA MATRIZ NUTRIL REFEIÇÕES, NA RUA BAHIA,N1584,SIQUEIRA CAMPOS,PARA O HOSPITAL DE URGÊNCIA DE SERGIPEHUSE,NA AVENIDA PRESIDENTE TANCREDO NEVES,SN,CAPUCHOPARA ATENDER CONTRATO DE ALIMENTAÇÃO N0122015|
|0460|750|NOTA REFERENTE TRANSFERÊNCIA DE MERCADORIA DA MATRIZ NUTRIL REFEIÇÕES,RUA BAHIA,N1584,SIQUEIRA CAMPOS, PARA O HOSPITAL UNIVERSITARIO DE SERGIPEHU,LOCALIZADO: NA RUA CLAÚDIO BATISTA,N505,PALESTINAPARA ATENDER CONTRATO N0152014|
|0460|751|DADOS BANCÁRIOS BANCO DO BRASIL AG 12246 CONTA 1291009, BANESE AG 014 TIPO 03 CONTA 1271926|
|0460|752|NOTA REFERENTE TRANSFERÊNCIA DE MERCADORIA DA MATRIZ NUTRIL REFEIÇÕES, NA RUA BAHIA,N1584,SIQUEIRA CAMPOS,PARA A MATERNIDA NOSSA SENHORA LOURDES,NA AVENIDA PRESIDENTE NEVES,N5700,AMERICAPARA ATENDER CONTRATO DE ALIMENTAÇÃO N0122015|
|0460|753|NOTA REFERENTE TRANSFERÊNCIA DE MERCADORIA DA MATRIZ NUTRIL REFEIÇÕES,NA RUA BAHIA,N1584,SIQUEIRA CAMPOS,PARA O HOSPITAL UNIVERSITARIO DE SERGIPE,NA RUA CLAÚDIO BATISTA,N505,PALESTINAPARA ATENDER CONTRATO DE ALIMENTAÇÃO N0152014|
|0460|754|DADOS BANCÁRIOS BANCO DO BRASIL AG 12246 CONTA 1291009, BANESE AG 014 TIPO 03 CONTA 1271926 NOTA REFERENTE BOLO ANIVERSARIANTES DO MÊS DE NOVEMBRO DE 2018|
|0460|755|NOTA REFERENTE TRANSFERÊNCIA DE MERCADORIA DA MATRIZ NUTRIL REFEIÇÕES, NA RUA BAHIA,N1584,SIQUEIRA CAMPOS, PARA O HOSPITAL DE URGÊNCIA DE SERGIPEHUSE,NA AVENIDA PRESIDENTE TANCREDO NEVES,SN,CAPUCHOPARA ATENDER CONTRATO DE ALIMENTAÇÃO N0122015|
|0460|756|NOTA REFERENTE TRANSFERÊNCIA DE MERCADORIA DA MATRIZ NUTRIL REFEIÇÕES, NA RUA BAHIA,N1584,SIQUEIRA CAMPOS,PARA O HOSPITAL DE URGÊNCIA DE SERGIPE,NA AVENIDA PRESIDENTE TANCREDO NEVES,SN,CAPUCHOPARA ATENDER CONTRATO DE ALIMENTAÇÃO N0122015|
|0460|757|DADOS BANCÁRIOS BANCO DO BRASIL AG12246 CONTA 1291009, BANESE AG 014 TIPO 03 CONTA 1271926 NOTA REFERENTE ORDEM DE SERVIÇO N 382018,CONFORME CONTRATO N032018,EVENTO "EPISUS FUNDAMENTAL PROGRAMA DE TREINAMENTO DE EPIDEMIOLOGIA APLICADA AOS SERVIÇOS DE SIST|
|0460|758|DADOS BANCÁRIOS BANCO DO BRASIL AG12246 CONTA 1291009, BANESE AG 014 TIPO 03 CONTA 1271926 NOTA REFERENTE ORDEM DE SERVIÇO N452018,DE ACORDO COM CONTRATO N032018,EVENTO"GOVERNO EM AÇÃO", NA CIDADE DE ESTÂNCIASE,CONFORME CI N 312018COPPS|
|0460|759|NOTA REFERENTE TRANSFERÊNCIA DE MERCADORIA DA MATRIZ NUTRIL REFEIÇÕES,NA RUA BAHIA,N1584,SIQUEIRA CAMPOS,PARA O HOSPITAL DE URGÊNCIA DE SERGIPEHU,LOCALIZADO:NA RUA CLAÚDIO BATISTA,N505,PALESTINA|
|0460|760|NOTA REFERENTE TRANSFERÊNCIA DE MERCADORIA DA MATRIZ NUTRIL REFEIÇÕES, NA RUA BAHIA,N1584,SIQUEIRA CAMPOS, PARA O HOSPITAL DE URGÊNCIA DE SERGIPEHUSE, LOCALIZADO NA AVENIDA PRESIDENTE TANCREDO NEVES,SN,CAPUCHO|
|0460|761|DADOS BANCÁRIOS BANCO DO BRASIL AG 12246 CONTA 1291009, BANESE AG 014 TIPO 03 CONTA 1271926 NOTA REFERENTE PERIODO DE 01 A 31 DE OUTUBRO DE 2018 DO PALÁCIO DO DESPACHO E PALÁCIO DO VERÂNEIO|
|0460|762|DADOS BANCÁRIOS BANCO DO BRASIL AG 12246 CONTA 1291009, BANESE AG 014 TIPO 03 CONTA 1271926NOTA REFERENTE PERIODO DE 01 A 15 DE NOVEMBRO DE 2018|
|0460|763|DADOS BANCÁRIOS BANCO DO BRASIL AG 12246 CONTA 1291009, BANESE AG 014 TIPO 03 CONTA 1271926 NOTA REFERENTE PERIODO DE 26102018 Á 25112018|
|0460|764|DADOS BANCÁRIO BANCO DO BRASIL AG 12246 CONTA 1291009, BANESE AG 014 TIPO 03 CONTA 1271926|
|0460|765|NOTA REFERENTE TRANSFERÊNCIA DE MERCADORIA DA MATRIZ NUTRIL REFEIÇÕES, NA RUA BAHIA,N1584,SIQUEIRA CAMPOS, PARA O HOSPITAL DE URGÊNCIA DE SERDIPEHUSE,LOCALIZADO NA AVENIDA PRESIDENTE TANCREDO NEVES,SN,CAPUCHOPARA ATENDER CONTRATO DE ALIMENTAÇÃO N0122015|
|0460|766|DADOS BANCÁRIOS BANCO DO BRASIL AG 12246 CONTA 1291009, BANESE AG 014 TIPO 03 CONTA 1271926 NOTA REFERENTE PERIODO DE 01 A 30 DE NOVEMBRO DE 2018|
|0460|767|NOTA REFERENTE TRANSFERÊNCIA DE MERCADORIA DA MATRIZ NUTRIL REFEIÇÕES,NA RUA BAHIA,N1584,SIQUEIRA CAMPOS, PARA O HOSPITAL UNIVERSITARIO DE SERGIPEHU,NA RUA CLAÚDIO BATISTA,N505,PALESTINAPARA ATENDER CONTRATO DE ALIMENTAÇÃO N0152014|
|0460|768|MNSL|
|0460|769|Val Aprox dos Tributos R$ 298,88  36,24% IBPT|
|0460|770|CARREGAMENTO: 205380 COBRANCA:341 PLANO PAGAMENTO:20 DESCRICAO:25 DIAS OBS: FANTASIA:NUTRIL REFEICOES ENDERECO DE ENTREGA:RUA BAHIA NUMERO:1584 BAIRRO:SIQUEIRA CAMPOS MUNICIPIO:ARACAJU ESTADO:SE COMPLEMENTO: OBSERVACAO: OBSERVACAO: NUMERO PEDIDO : 6703617|
|0460|771|DOCUMENTO EMITIDO POR ME OU EPP OPTANTE PELO SIMPLES NACIONAL, NAO GERA DIREITO A CREDITO FISCAL DE IPI ESTE DOCUMENTO NAO TRANSFERE CREDITO DE ICMS UNIDADE MATERNIDADE N S DE LOURDES|
|0460|772|ATENDER O HUSE Vlr Aprox Tributos R$ 479,96 11,23% Fonte IBPT|
|0460|773|CONTAGEM DO DIA 01112018 Vlr Aprox Tributos R$ 2614,04 25,98% Fonte IBPT|
|0460|774|Tributos Totais Incidentes Lei Federal 12741 2012: R$ 153,55 FONTE: IBPT Pedido: 103335 Vend: MATHEUS MACHADO NEVES|
|0460|775|CONTAGEM DO DIA 01112018 HUSE|
|0460|776|Documento emitido por ME ou EPP optante pelo Simples Nacional nao gera direito a credito fiscal de ICMS*** Permite o aproveitamento do credito de ICMS no valor de R$ 13,22*** Correspondente a aliquota de 3,10%, nos termos do art 23 da Lei Complementar n°|
|0460|777|VAL APROX TRIBUTOS LEI FEDERAL 127412012 R$ 17,92 4,20% FONTE: IBPT*** Data de uso material: 01112018*** Documento emitido por ME ou EPP optante pelo Simples Nacional nao gera direito a credito fiscal de ICMS***BOLETO BANCARIO EM ANEXO***FATURAMENTO REFER|
|0460|778|Documento emitido por ME ou EPP optante pelo Simples Nacional nao gera direito a credito fiscal de ICMS*** Permite o aproveitamento do credito de ICMS no valor de R$ 235,49*** Correspondente a aliquota de 3,10%, nos termos do art 23 da Lei Complementar n°|
|0460|779|VAL APROX TRIBUTOS LEI FEDERAL 127412012 R$ 319,04 4,20% FONTE: IBPT*** Data de uso material: 01112018*** Documento emitido por ME ou EPP optante pelo Simples Nacional nao gera direito a credito fiscal de ICMS***BOLETO BANCARIO EM ANEXO***FATURAMENTO REFE|
|0460|780|VAL APROX TRIBUTOS LEI FEDERAL 127412012 R$ 240,08 4,20% FONTE: IBPT*** Data de uso material: 01112018*** Documento emitido por ME ou EPP optante pelo Simples Nacional nao gera direito a credito fiscal de ICMS***BOLETO BANCARIO EM ANEXO***LOCAL DE ENTREGA|
|0460|781|Documento emitido por ME ou EPP optante pelo Simples Nacional nao gera direito a credito fiscal de ICMS*** Permite o aproveitamento do credito de ICMS no valor de R$ 13,02*** Correspondente a aliquota de 3,10%, nos termos do art 23 da Lei Complementar n°|
|0460|782|VAL APROX TRIBUTOS LEI FEDERAL 127412012 R$ 56,49 13,45% FONTE: IBPT*** Data de uso material: 01112018*** Documento emitido por ME ou EPP optante pelo Simples Nacional nao gera direito a credito fiscal de ICMS***BOLETO BANCARIO EM ANEXO***FATURAMENTO REFE|
|0460|783|VAL APROX TRIBUTOS LEI FEDERAL 127412012 R$ 29,09 4,20% FONTE: IBPT*** Data de uso material: 01112018*** Documento emitido por ME ou EPP optante pelo Simples Nacional nao gera direito a credito fiscal de ICMS***BOLETO BANCARIO EM ANEXO***MATERNIDADE NSL**|
|0460|784|IPI COM ALIQUOTA ZERO CONF DECRETO 4544 261202 Local de Entrega: 07760809000160 AVENIDA PRESIDENTE TANCREDO NEVES 007501 JABOTIANA ARACAJU SE|
|0460|785|Fantasia:NUTRIL REFEICOES   Vend: 42ADRIANO  Rota: 0  Cond Venda: 314 CONSIGNACAO  Digitador: 68  Ped:223443  OS:263701|
|0460|786|Fantasia:NUTRIL REFEICOES  Mat nossa senhora de lourdes  Vend: 9JULIA KATI  Rota: 0  Cond Venda: 213 BOLETO ITAU 28 DIAS  Digitador: 68  Ped:223455  OS:263705|
|0460|787|Valor aprox Tributos R$ 15096 3145% Fonte: IBPT|
|0460|788|Fantasia:NUTRIL REFEICOES   Vend: 9JULIA KATI  Rota: 0  Cond Venda: 314 CONSIGNACAO  Digitador: 136  Ped:223477  OS:263722|
|0460|789|Tributos Totais Incidentes Lei Federal 12741 2012: R$ 372,80 FONTE: IBPT Pedido: 103364 MNSLProduto cod 29251 Lote: 100748600; Qtde: 4000 referente a nota de Consignacao Nr 060047; Produto cod 30799 Lote: 20191227; Qtde: 7000 referente a nota de Consignac|
|0460|790|HUSE|
|0460|791|Tributos Totais Incidentes Lei Federal 12741 2012: R$ 2183,58 FONTE: IBPT Pedido: 103361 HUSE referente a nota de Consignacao Nr 059473; referente a nota de Consignacao Nr 059536; referente a nota de Consignacao Nr 060179; referente a nota de Consignacao|
|0460|792|Tributos Totais Incidentes Lei Federal 12741 2012: R$ 242,49 FONTE: IBPT Pedido: 103363 HUSE|
|0460|793|Fantasia:NUTRIL REFEICOES  referente a nota consignada 134479  Vend: 9JULIA KATI  Rota: 0  Cond Venda: 415 FAT DE CONSIGNACAO  Digitador: 68  Ped:223482  OS:263729|
|0460|794|Fantasia:NUTRIL REFEICOES  REFERNTE NOTA CONSIGNADA 134488  Vend: 9JULIA KATI  Rota: 0  Cond Venda: 347 FAT DE CONSIGNACAO  Digitador: 68  Ped:223481  OS:263730|
|0460|795|Tributos Totais Incidentes Lei Federal 12741 2012: R$ 242,49 FONTE: IBPT Pedido: 103376 HUSE|
|0460|796|Voce pagou aproximadamente:;R$ 800,23 de tributos federais;R$ 1083,85 de tributos estaduais;R$ 5179,02 pelos produtosservicos;Fonte: IBPTempresometroco 182C D529CB;DOCUMENTO EMITIDO POR EPP OPTANTE PELO SIMPLES NACIONAL, CONF LC 1232006 NAO GERA DIREITO A|
|0460|797|MENSAGEM: Val Aprox dos Tributos Federais R$ 000 e Estaduais R$ 000000 % Fonte IBPTRUA BAHIA 001584 SIQUEIRA CAMPOS ARACAJU \PED: 0701\ ROM: 032\ VEND: 110\ ***** VALOR A RECEBER: R$ 64680 *****\ VENCIMENTO : 15112018\ CONDPAG: 14 DIAS\ CLIENTE: 00200282\|
|0460|798|Prezado Cliente, Favor Conferir a Mercadoria no Ato da Entrega Nao Aceitamos Devolucoes ou Reclamacoes Posteriores 40083 Supervisor:50044, Vendedor:51509 ICMS SMERC CFOP = 6101 ALIQ = 7,00% 5342,88 = 374,01 LIB: 042260 SEQ: 000015 PED: 1014911 COD COND PG|
|0460|799|V02V CLIENTE:58179576NUTRIL REFEICOESCOD CORPORATIVO:0$VENDEDOR:703LARISSA GUILHERME cpf inextMAPA:333885COND PAGTO:122BLOQUETO 2 DD SAF$NUMERO PEDIDO:ACORDO COMERCIAL:$NOME EMISSOR DE CHEQUES 1:VALDSON COSTA SANTOSCNPJ CPF:07760809000160$NOME DO EMISSOR|
|0460|800|ICMS ja pago via SubTrib  SAIDA PPJ VAREJ OU CONSUM FINAL CRED ALI IPI CONF 1  do Art 15 LEI 1309715  Op Tributavel base de calc = valor oper aliq diferenciada  Num Doc SAP: 0017289540  Fornecimento: 0085690883  Cod Cliente:  0002158653  Pedido EDI: 6C539|
|0460|801|ICMS ja pago via SubTrib  SAIDA PPJ VAREJ OU CONSUM FINAL CRED ALI IPI CONF 1  do Art 15 LEI 1309715  Op Tributavel base de calc = valor oper aliq diferenciada  Num Doc SAP: 0017332508  Tipo da Ordem: SD ZVEN  SFC   Fornecimento: 8015157784  Numero do Tra|
|0460|802|Tributos Totais Incidentes Lei Federal 12741 2012: R$ 128,92 FONTE: IBPT Pedido: 103394 Vend: ISAIAS MENESES RIBEIRO HUSE nota de Consignacao Nr 057437;nota de Consignacao Nr 057607|
|0460|803|17  NUTRIL COMERCIO E SERVICOS EIRELI ME|
|0460|804|Documento emitido por ME ou EPP optante pelo Simples Nacional nao gera direito a credito fiscal de ICMS*** Permite o aproveitamento do credito de ICMS no valor de R$ 133,89*** Correspondente a aliquota de 3,10%, nos termos do art 23 da Lei Complementar n°|
|0460|805|VAL APROX TRIBUTOS LEI FEDERAL 127412012 R$ 181,39 4,20% FONTE: IBPT*** Data de uso material: 05112018*** Documento emitido por ME ou EPP optante pelo Simples Nacional nao gera direito a credito fiscal de ICMS***BOLETO BANCARIO EM ANEXO***FATUAMENTO REFER|
|0460|806|ATAENDER O HUSE Vlr Aprox Tributos R$ 332,77 5,6% Fonte IBPT|
|0460|807|CONTAGEM DO DIA 05112018 HUSE Vlr Aprox Tributos R$ 1335,3 25,6% Fonte IBPT|
|0460|808|CONTAGEM DO DIA 05112018 HUSE|
|0460|809|CARNE BOVINA SALGADA CURADA DESSECADA IPI ALIQUOTA ZERO CONFORME DECRETO 6006 DE 1206 PIS E COFINS ALIQUOTA ZERO CONFORME LEI 10925 DE 0704, ALINEA A DO INCISO IXI ARTIGO 1 DT 6X5  15,20|
|0460|810|Documento emitido por ME ou EPP optante pelo Simples Nacional nao gera direito a credito fiscal de ICMS*** Permite o aproveitamento do credito de ICMS no valor de R$ 6,51*** Correspondente a aliquota de 3,10%, nos termos do art 23 da Lei Complementar n° 1|
|0460|811|VAL APROX TRIBUTOS LEI FEDERAL 127412012 R$ 28,24 13,45% FONTE: IBPT*** Data de uso material: 05112018*** Documento emitido por ME ou EPP optante pelo Simples Nacional nao gera direito a credito fiscal de ICMS***BOLETO BANCARIO EM ANEXO***FATURAMENTO REFE|
|0460|812|VAL APROX TRIBUTOS LEI FEDERAL 127412012 R$ 147,07 4,20% FONTE: IBPT*** Data de uso material: 05112018*** Documento emitido por ME ou EPP optante pelo Simples Nacional nao gera direito a credito fiscal de ICMS***BOLETO BANCARIO EM ANEXO***HUSE ***|
|0460|813|Fantasia:NUTRIL REFEICOES   Vend: 9JULIA KATI  Rota: 0  Cond Venda: 314 CONSIGNACAO  Digitador: 68  Ped:223537  OS:263788|
|0460|814|Fantasia:NUTRIL REFEICOES  REFERENTE A NOTA CONSIGNADA No 134546  Vend: 9JULIA KATI  Rota: 0  Cond Venda: 415 FAT DE CONSIGNACAO  Digitador: 68  Ped:223559  OS:263804|
|0460|815|Fantasia:NUTRIL REFEICOES  MAT NOSSA SENHORA DE LOURDES  Vend: 9JULIA KATI  Rota: 0  Cond Venda: 204 BOLETO BB 28 DIAS  Digitador: 68  Ped:223545  OS:263791|
|0460|816|DOCUMENTO EMITIDO POR ME OU EPP OPTANTE PELO SIMPLES NACIONAL, NAO GERA DIREITO A CREDITO FISCAL DE IPI ESTE DOCUMENTO NAO TRANSFERE CREDITO DE ICMS UNIDADE HUSE VALOR TOTAL DA NOTA 5244,00 DESCONTO DE 1412,00 TOTAL PARA PAGAMENTO 3832,00|
|0460|817|Tributos Totais Incidentes Lei Federal 12741 2012: R$ 1424,43 FONTE: IBPT Pedido: 103424 HUSE referente a nota de Consignacao Nr 058721; referente a nota de Consignacao Nr 059863; referente a nota de Consignacao Nr 059965; referente a nota de Consignacao|
|0460|818|Tributos Totais Incidentes Lei Federal 12741 2012: R$ 249,43 FONTE: IBPT Pedido: 103425 Vend: FLAVIO CHAVES PEIXOTO BOLETO|
|0460|819|Tributos Totais Incidentes Lei Federal 12741 2012: R$ 322,30 FONTE: IBPT Pedido: 103427 HUSE|
|0460|820|Tributos Totais Incidentes Lei Federal 12741 2012: R$ 582,66 FONTE: IBPT Pedido: 103430 MNSLProduto cod 30799 Lote: 20191227; Qtde: 7000 referente a nota de Consignacao Nr 060257; Produto cod 29251 Lote: 100748600; Qtde: 4000 referente a nota de Consignac|
|0460|821|NUMTRANS:94541, CARREG:3669, CODCLI:4548, NUMPED:27200112 FANTASIA:NUTRIL COMERCIO E SERVICOS EIRELI ME|
|0460|822|N° do Pedido do PALM:21998502 Cód do Vendedor:0001501389 N° da Ordem Venda: 0195856964 Taxa de Boleto: R$ 2,60 N° Remessas: , 0111687689 N° Fatura: 5400922243 Doc Transporte: 0000470328 Parceiro: 0001105258 Cód do Cliente 0001048655 Condição de Pagamento:|
|0460|823|Empresa atacadista credenciada conforme Decreto 299112014 e Termo de acordo 1231502017 Por favor, atualizacoes de boletos somente nos enderecos indicados no boleto da empresa; fantasia: NUTRIL REFEICOES  cod cob: 001 rca: 132  KATIANE KELLY DOS SANTOS  99|
|0460|824|Representante:  Nro do Checkout: 28 Voce pagou aproximadamente: R$ 175,63 tributos federais R$ 588,60 tributos estaduais R$ 2505,77 pelos produtosservicos Fonte: IBPTFECOMERCIO SE D529CB|
|0460|825|Tributos Totais Incidentes Lei Federal 12741 2012: R$ 249,43 FONTE: IBPT Pedido: 103465 Vend: FLAVIO CHAVES PEIXOTO BOLETO|
|0460|826|Trib aprox R$ 20,20 Federal e R$ 86,58 Estadual;Fonte: IBPT SE F3L1P3;;|
|0460|827|Trib aprox R$ 246,68 Federal e R$ 713,90 Estadual;Fonte: IBPT SE F3L1P3;;|
|0460|828|Trib aprox R$ 805,16 Federal e R$ 2839,86 Estadual;Fonte: IBPT SE F3L1P3;;|
|0460|829|Trib aprox R$ 144,72 Federal e R$ 525,06 Estadual;Fonte: IBPT SE F3L1P3;;|
|0460|830|Valor aproximado tributos federais, estaduais e municipais: R$ 424,7616,2% Fonte: IBPT|
|0460|831|N° do Pedido do PALM:1 Cód do Vendedor:0001501389 N° da Ordem Venda: 0195863113 N° Remessas: , 0111695477 N° Fatura: 5400927436 Doc Transporte: 0000470713 Parceiro: 0001105257 Cód do Cliente 0001048655 A razão social Cbl Alimentos SA passou para BETÂNIA L|
|0460|832|N° do Pedido do PALM:22002879 Cód do Vendedor:0001501389 N° da Ordem Venda: 0195862976 Taxa de Boleto: R$ 2,60 N° Remessas: , 0111695476 N° Fatura: 5400927439 Doc Transporte: 0000470713 Parceiro: 0001105257 Cód do Cliente 0001048655 Condição de Pagamento:|
|0460|833|Valor total aproximado de tributos federais, estaduais e municipais: R$ 74,00 Isento ou não sujeito a IPI|
|0460|834|TERMO DE ACORDO N 201495160 TRANSPORTE DE CARGA PROPRIA Fantasia:NUTRIL REFEICOES GA:103GA JEFFERSON DOS SANTOS FRISE  Fone GA:79 981180474 Cod RCA:523  JOSE ANISIO DA ROSA NETO FOO  N Pedido:523001344  Num Trans:1320454  Num Carreg:50694 Cod Cob:341  Pra|
|0460|835|Ped:ABANZH Cliente: NUTRIL REFEICOES 01082902 VENDEDOR: 000672WESLEY 79 91980423 ASSIS VENDAS: KESIA SANTOS  CELULAR :79 91198030 ReclamacoesSugestoes: ouvidoria@asabrancaindbr TelevendasOuvidoriaFinanceiro: 0800 284 1570|
|0460|836|Cod Cliente:1321Fantasia:NUTRIL REFEICOESCod Cob:70121 DIAS TRAS DUCHAS CORONA RCA: MARCIO PEREIRA DE ARAGAO  FOOD 7998092271 Nome Supervisor:GIVANILSON FERREIRA DOS SANTOS ORDEM DE COMPRA: AS MERC SUJEITAS A TRIBUTACAO A ICMS NORMAL QUE SE ENCONTRA NESTA|
|0460|837|DEVOLUCAO REF A NOTA: 60056200 DATA: 06112018 TROCA DE PRODUTO|
|0460|838|CARREGAMENTO: 0 COBRANCA:DH PLANO PAGAMENTO:1 DESCRICAO:A VISTA OBS: FANTASIA:NUTRIL REFEICOES ENDERECO DE ENTREGA:RUA BAHIA NUMERO:1584 BAIRRO:SIQUEIRA CAMPOS MUNICIPIO:ARACAJU ESTADO:SE COMPLEMENTO: OBSERVACAO: OBSERVACAO: NUMERO PEDIDO : 83005943 EMPRE|
|0460|839|MNSL Vlr Aprox Tributos R$ 0 0% Fonte IBPT|
|0460|840|PRIMEIRA REMESSA|
|0460|841|????FAVOR CONFERIR AS MERCADORIAS NO ATO DA ENTREGA ??NAO ACEITAMOS RECLAMACOES eou DEVOLUCOES POSTERIORES ??|
|0460|842|COD CLIENTE:  6876  FANTASIA:NUTRIL COMERCIO E SERVICOS EIRELI ME RCA: 71  NUM TRANS: 547506  NR PEDIDO:7159633 COD COB:  500  PRAZO:  30 DIAS|
|0460|843|;;Permite credito de ICMS correspondente aliquota de 3,95%;Anexo II tabela do simples nos termos do Art 23 da LC 1232006;;;** Valor Aproximado de Impostos ImpEst R$ 921,55  ImpFed  R$ 521,19; Valor Aproximado de Tributos desta NFe R$ 1442,73, Corresponden|
|0460|844|Fantasia:NUTRIL REFEICOES   Vend: 9JULIA KATI  Rota: 0  Cond Venda: 314 CONSIGNACAO  Digitador: 68  Ped:223781  OS:264057|
|0460|845|CONTAGEM DO DIA 08112018 HUSE Vlr Aprox Tributos R$ 1380,05 16,41% Fonte IBPT|
|0460|846|CONTAGEM DO DIA 08112018 HUSE|
|0460|847|Documento emitido por ME ou EPP optante pelo Simples Nacional nao gera direito a credito fiscal de ICMS*** Permite o aproveitamento do credito de ICMS no valor de R$ 13,22*** Correspondente a aliquota de 3,10%, nos termos do art 23 da Lei Complementar n°|
|0460|848|Fantasia:NUTRIL REFEICOES  Referente a nota consignada no 134748  Vend: 9JULIA KATI  Rota: 0  Cond Venda: 415 FAT DE CONSIGNACAO  Digitador: 68  Ped:223795  OS:264069|
|0460|849|VAL APROX TRIBUTOS LEI FEDERAL 127412012 R$ 17,92 4,20% FONTE: IBPT*** Data de uso material: 08112018*** Documento emitido por ME ou EPP optante pelo Simples Nacional nao gera direito a credito fiscal de ICMS***BOLETO BANCARIO EM ANEXO***FATURAMENTO REFER|
|0460|850|Documento emitido por ME ou EPP optante pelo Simples Nacional nao gera direito a credito fiscal de ICMS *** Permite o aproveitamento do credito de ICMS no valor de R$ 154,18*** Correspondente a aliquota de 3,10%, nos termos do art 23 da Lei Complementar n|
|0460|851|VAL APROX TRIBUTOS LEI FEDERAL 127412012 R$ 208,89 4,20% FONTE: IBPT*** Data de uso material: 08112018*** Documento emitido por ME ou EPP optante pelo Simples Nacional nao gera direito a credito fiscal de ICMS***BOLETO BANCARIO EM ANEXO***FATURAMENTO REFE|
|0460|852|VAL APROX TRIBUTOS LEI FEDERAL 127412012 R$ 238,29 4,20% FONTE: IBPT*** Data de uso material: 08112018*** Documento emitido por ME ou EPP optante pelo Simples Nacional nao gera direito a credito fiscal de ICMS***BOLETO BANCARIO EM ANEXO***LOCAL DE ENTREGA|
|0460|853|Documento emitido por ME ou EPP optante pelo Simples Nacional nao gera direito a credito fiscal de ICMS *** Permite o aproveitamento do credito de ICMS no valor de R$ 9,30*** Correspondente a aliquota de 3,10%, nos termos do art 23 da Lei Complementar n°|
|0460|854|VAL APROX TRIBUTOS LEI FEDERAL 127412012 R$ 40,35 13,45% FONTE: IBPT*** Data de uso material: 08112018*** Documento emitido por ME ou EPP optante pelo Simples Nacional nao gera direito a credito fiscal de ICMS***BOLETO BANCARIO EM ANEXO ***FATURAMENTO REF|
|0460|855|CONTAGEM DO DIA 08112018 HUSE Vlr Aprox Tributos R$ 1078,85 30,59% Fonte IBPT|
|0460|856|Tributos Totais Incidentes Lei Federal 12741 2012: R$ 279,20 FONTE: IBPT Pedido: 103532 MNSL Produto cod 29251 Lote: 100748600; Qtde: 4000 referente a nota de Consignacao Nr 060257; Produto cod 30799 Lote: 20191227; Qtde: 5000 referente a nota de Consigna|
|0460|857|Tributos Totais Incidentes Lei Federal 12741 2012: R$ 1062,28 FONTE: IBPT Pedido: 103535 HUSE Produto cod 28280 Lote: 100759670; Qtde: 24000 referente a nota de Consignacao Nr 060433; Produto cod 15600 Lote: 100759781; Qtde: 72000 referente a nota de Cons|
|0460|858|Documento emitido por ME ou EPP optante pelo Simples Nacional nao gera direito a credito fiscal de ICMS *** Permite o aproveitamento do credito de ICMS no valor de R$ 17,92*** Correspondente a aliquota de 3,10%, nos termos do art 23 da Lei Complementar n°|
|0460|859|VAL APROX TRIBUTOS LEI FEDERAL 127412012 R$ 24,27 4,20% FONTE: IBPT*** Data de uso material: 08112018*** Documento emitido por ME ou EPP optante pelo Simples Nacional nao gera direito a credito fiscal de ICMS***BOLETO BANCARIO EM ANEXO***FATURAMENTO REFER|
|0460|860|Trib aprox R$ 214,94 Federal e R$ 921,15 Estadual;Fonte: IBPT SE F3L1P3;;|
|0460|861|Ped:ABAPTT Cliente: NUTRIL REFEICOES 01082902 VENDEDOR: 001763FERISTA 1030 35229300 ASSIS VENDAS: KESIA SANTOS  CELULAR :79 91198030 ReclamacoesSugestoes: ouvidoria@asabrancaindbr TelevendasOuvidoriaFinanceiro: 0800 284 1570|
|0460|862|Cod Cliente:1321Fantasia:NUTRIL REFEICOESCod Cob:70128 DIAS TRAS DUCHAS CORONA RCA: MARCIO PEREIRA DE ARAGAO  FOOD 7998092271 Nome Supervisor:GIVANILSON FERREIRA DOS SANTOS ORDEM DE COMPRA: AS MERC SUJEITAS A TRIBUTACAO A ICMS NORMAL QUE SE ENCONTRA NESTA|
|0460|863|VENCIMENTO: 301118 ;NOME FANTASIA: NUTRIL REFEICOES ;CONFERIU?NAO ACEITAMOS RECLAMACOES POSTERIORES!,BASE DE CALC REDUZIDA CFE ART268,INCISO LIIDEC 1378012 RICMSBA*MERCADORIA RETIRADA NA UNIDADE LOCALIZADA NA RUA BEIRA RIO,27  BAIRRO ITAPUA ,CNPJ 06144792|
|0460|864|HU Vlr Aprox Tributos R$ 13,92 25,59% Fonte IBPT|
|0460|865|CUBAGEM: 1,87 x BOLETO EM ANEXO NA FALTA DO MESMO FAVOR ENTRAR EM CONTATO COM A STRAWPLAST EMAIL: FINANCEIRO@STRAWPLASTCOMBR x NAO ACEITAMOS DEVOLUCAO SEM PREVIA AUTORIZACAO E ACORDO COM O DEPTO COMERCIAL DA STRAWPLASTNAO REALIZAMOS TROCAS DE MATERIAL AVA|
|0460|866|MENSAGEM: Val Aprox dos Tributos Federais R$ 000 e Estaduais R$ 000000 % Fonte IBPTRUA BAHIA 001584 SIQUEIRA CAMPOS ARACAJU \PED: 0600\ ROM: 012\ VEND: 110\ ***** VALOR A RECEBER: R$ 73920 *****\ VENCIMENTO : 23112018\ CONDPAG: 14 DIAS\ CLIENTE: 00200282\|
|0460|867|NFe NumParcela: 001, Venc: 07122018, Valor: 10523,61 N Ped Cliente: Impresso por: RANGEL 28 DIAS 65539 Transportador: LIVIO MARCIO FARIAS SILVA Frete por Conta: 3  Transporte Proprio por conta do Remetente Placa: QKO8869 UF: SE CNPJCPF: 02106535589 End: R|
|0460|868|CARREGAMENTO: 206028 COBRANCA:341 PLANO PAGAMENTO:11 DESCRICAO:212835 DIAS OBS: FANTASIA:NUTRIL REFEICOES ENDERECO DE ENTREGA:RUA BAHIA NUMERO:1584 BAIRRO:SIQUEIRA CAMPOS MUNICIPIO:ARACAJU ESTADO:SE COMPLEMENTO: OBSERVACAO: OBSERVACAO: NUMERO PEDIDO : 830|
|0460|869|VAL APROX TRIBUTOS LEI FEDERAL 127412012 R$ 7,25 4,20% FONTE: IBPT*** Data de uso material: 10112018*** Documento emitido por ME ou EPP optante pelo Simples Nacional nao gera direito a credito fiscal de ICMS***BOLETO EM ANEXO 30 DIAS***MATERNIDADE NSL***J|
|0460|870|VAL APROX TRIBUTOS LEI FEDERAL 127412012 R$ 9,70 4,20% FONTE: IBPT*** Data de uso material: 10112018*** Documento emitido por ME ou EPP optante pelo Simples Nacional nao gera direito a credito fiscal de ICMS***BOLETO BANCARIO EM ANEXO***MATERNIDADE NSL***|
|0460|871|DOCUMENTO EMITIDO POR ME OU EPP OPTANTE PELO SIMPLES NACIONAL, NAO GERA DIREITO A CREDITO FISCAL DE IPI ESTE DOCUMENTO NAO TRANSFERE CREDITO DE ICMS UNIDADE NESTOR PIVA|
|0460|872|ATENDER O HUSE Vlr Aprox Tributos R$ 301,27 5,8% Fonte IBPT|
|0460|873|CONTAGEM DO DIA 12112018 HUSE Vlr Aprox Tributos R$ 1018,18 17,63% Fonte IBPT|
|0460|874|CONTAGEM DO DIA 12112018 HUSE|
|0460|875|Fantasia:NUTRIL REFEICOES   Vend: 9JULIA KATI  Rota: 0  Cond Venda: 314 CONSIGNACAO  Digitador: 68  Ped:223950  OS:264242|
|0460|876|Documento emitido por ME ou EPP optante pelo Simples Nacional nao gera direito a credito fiscal de ICMS *** Permite o aproveitamento do credito de ICMS no valor de R$ 13,22*** Correspondente a aliquota de 3,10%, nos termos do art 23 da Lei Complementar n°|
|0460|877|VAL APROX TRIBUTOS LEI FEDERAL 127412012 R$ 17,92 4,20% FONTE: IBPT*** Data de uso material: 12112018*** Documento emitido por ME ou EPP optante pelo Simples Nacional nao gera direito a credito fiscal de ICMS***BOLETO BANCARIO EM ANEXO***FATURAMENTO REFER|
|0460|878|Fantasia:NUTRIL REFEICOES  REFERENTE a nota fiscal no 134863  Vend: 9JULIA KATI  Rota: 0  Cond Venda: 415 FAT DE CONSIGNACAO  Digitador: 68  Ped:223966  OS:264258|
|0460|879|Documento emitido por ME ou EPP optante pelo Simples Nacional nao gera direito a credito fiscal de ICMS *** Permite o aproveitamento do credito de ICMS no valor de R$ 179,48*** Correspondente a aliquota de 3,10%, nos termos do art 23 da Lei Complementar n|
|0460|880|VAL APROX TRIBUTOS LEI FEDERAL 127412012 R$ 243,17 4,20% FONTE: IBPT*** Data de uso material: 12112018*** Documento emitido por ME ou EPP optante pelo Simples Nacional nao gera direito a credito fiscal de ICMS***BOLETO BANCARIO EM ANEXO***FATURAMENTO REFE|
|0460|881|VAL APROX TRIBUTOS LEI FEDERAL 127412012 R$ 106,34 4,20% FONTE: IBPT*** Data de uso material: 12112018*** Documento emitido por ME ou EPP optante pelo Simples Nacional nao gera direito a credito fiscal de ICMS***BOLETO EM ANEXO***ENTREGAR NO HUSE*** ***|
|0460|882|Documento emitido por ME ou EPP optante pelo Simples Nacional nao gera direito a credito fiscal de ICMS *** Permite o aproveitamento do credito de ICMS no valor de R$ 10,23*** Correspondente a aliquota de 3,10%, nos termos do art 23 da Lei Complementar n°|
|0460|883|VAL APROX TRIBUTOS LEI FEDERAL 127412012 R$ 44,38 13,45% FONTE: IBPT*** Data de uso material: 12112018*** Documento emitido por ME ou EPP optante pelo Simples Nacional nao gera direito a credito fiscal de ICMS***BOLETO BANCARIO EM ANEXO***FATURAMENTO REFE|
|0460|884|[ PED: 940605    FONTE: IMPOSTOS IBPT FONTE: IBPTEMPRESOMETROCOMBR D529CB TRIBUTOS TOTAIS INCIDENTES LEI FEDERAL 127412012  FEDERAL 58,91 ESTADUAL 78,84 MUNICIPAL 0,00 [696266,PIS:5,93,COFINS:27,30];, DATA EMISSAO: 12112018 15:59:24, COO: 41883,, PDV: 4]|
|0460|885|[ PED: 940606    FONTE: IMPOSTOS IBPT FONTE: IBPTEMPRESOMETROCOMBR D529CB TRIBUTOS TOTAIS INCIDENTES LEI FEDERAL 127412012  FEDERAL 648,90 ESTADUAL 0,00 MUNICIPAL 0,00 ;, DATA EMISSAO: 12112018 16:00:32, COO: 41884,, PDV: 4]|
|0460|886|Docnum: 0121026824 Cli: 0003358114 FFt: 2858 Emp: BR10 Org Vendas: BRL1  06  00 Fvd: Remessa: 8299197870 DoctFat: 9549822479 N Carga: 8021145153 Parceiro 10148682 Pedido: 5312788001 *Boleto Anexo* Tax Perm 720000000 PedCli: 7963264 Venda a pre o CIF e Dis|
|0460|887|NFADQUIRIDA CONSUMIDOR FINAL SEM DIREITO A CREDITOTribut feita pelos cupons fiscais: 27239021 12112018  Representante: 9116 Voce pagou aproximadamente: R$ 25,12 tributos federais R$ 71,76 tributos estaduais R$ 707,27 pelos produtosservicos Fonte: IBPTFECO|
|0460|888|N° do Pedido do PALM:22020621 Cód do Vendedor:0001501389 N° da Ordem Venda: 0195888347 Taxa de Boleto: R$ 5,02 N° Remessas: , 0111717823 N° Fatura: 5400953748 Doc Transporte: 0000472339 Parceiro: 0001101315 Cód do Cliente 0001048655 Condição de Pagamento:|
|0460|889|Empresa atacadista credenciada conforme Decreto 299112014 e Termo de acordo 1231502017 Por favor, atualizacoes de boletos somente nos enderecos indicados no boleto da empresa; fantasia: NUTRIL REFEICOES  cod cob: 001 rca: 132  KATIANE KELLY DOS SANTOS  99|
|0460|890|V02V CLIENTE:58179576NUTRIL REFEICOESCOD CORPORATIVO:0$VENDEDOR:134Adelvan Castor da SilvaMAPA:334269COND PAGTO:122BLOQUETO 2 DD SAF$NUMERO PEDIDO:ACORDO COMERCIAL:$NOME EMISSOR DE CHEQUES 1:VALDSON COSTA SANTOSCNPJ CPF:07760809000160$NOME DO EMISSOR DE C|
|0460|891|CONTAGEM DO DIA 12112018 HUSE Vlr Aprox Tributos R$ 748,84 30,59% Fonte IBPT|
|0460|892|Tributos Totais Incidentes Lei Federal 12741 2012: R$ 743,42 FONTE: IBPT Pedido: 103645 MNSLProduto cod 29251 Lote: 100748600; Qtde: 5000 referente a nota de Consignacao Nr 060181; Produto cod 29251 Lote: 100748600; Qtde: 5000 referente a nota de Consigna|
|0460|893|Tributos Totais Incidentes Lei Federal 12741 2012: R$ 1752,15 FONTE: IBPT Pedido: 103650 HUSE referente a nota de Consignacao Nr 058981; referente a nota de Consignacao Nr 060257; referente a nota de Consignacao Nr 060500; referente a nota de Consignacao|
|0460|894|Tributos Totais Incidentes Lei Federal 12741 2012: R$ 45,85 FONTE: IBPT Pedido: 103652 HUSE|
|0460|895|NUMTRANS:96763, CARREG:3719, CODCLI:4548, NUMPED:27000197 FANTASIA:NUTRIL COMERCIO E SERVICOS EIRELI ME|
|0460|896|ICMS ja pago via SubTrib  SAIDA PPJ VAREJ OU CONSUM FINAL CRED ALI IPI CONF 1  do Art 15 LEI 1309715  Op Tributavel base de calc = valor oper aliq diferenciada  Num Doc SAP: 0017623832  Tipo da Ordem: SD ZVEN  SFC   Fornecimento: 8015439690  Numero do Tra|
|0460|897|NUMPED: 7033959  NUMCAR: 70785  CONDPAG: 004  21 DIAS  NUMTRANSS: 739067 _______________________________________________________________________________________ FANTASIA: NUTRIL REFEUCOES  CODIGO CLIENTE: 12200 HORARIO ENTREGA: APOS O VENCIMENTO JUROS DE|
|0460|898|COD CLIENTE:1756  FANTASIA:NUTRIL REFEICOES NR PEDIDO:16226777 NUM CARREG:87423  NUM TRANS:10285308 COD COB:BNFPRAZO:BONIFICACAO CODRCA:16  RAIMUNDO RIBEIRO NETO Valor Aprox dos Tributos R ,00  Fonte: IBPT CARO CLIENTE POR GENTILEZA CONFERIR A MERCADORIA|
|0460|899|COD CLIENTE:1756  FANTASIA:NUTRIL REFEICOES NR PEDIDO:16226776 NUM CARREG:87423  NUM TRANS:10285310 COD COB:3303PRAZO:21 DIAS CODRCA:16  RAIMUNDO RIBEIRO NETO Valor Aprox dos Tributos R 70,14  Fonte: IBPT CARO CLIENTE POR GENTILEZA CONFERIR A MERCADORIA N|
|0460|900|Ped:ABASKF Cliente: NUTRIL REFEICOES 01082902 VENDEDOR: 001763FERISTA 1030 35229300 ASSIS VENDAS: KESIA SANTOS  CELULAR :79 91198030 ReclamacoesSugestoes: ouvidoria@asabrancaindbr TelevendasOuvidoriaFinanceiro: 0800 284 1570|
|0460|901|Cod Cliente:1321Fantasia:NUTRIL REFEICOESCod Cob:70128 DIAS TRAS DUCHAS CORONA RCA: MARCIO PEREIRA DE ARAGAO  FOOD 7998092271 Nome Supervisor:GIVANILSON FERREIRA DOS SANTOS ORDEM DE COMPRA: AS MERC SUJEITAS A TRIBUTACAO A ICMS NORMAL QUE SE ENCONTRA NESTA|
|0460|902|VAL APROX TRIBUTOS LEI FEDERAL 127412012 R$ 29,09 4,20% FONTE: IBPT*** Data de uso material: 14112018*** Documento emitido por ME ou EPP optante pelo Simples Nacional nao gera direito a credito fiscal de IP] ICMS***BOLETO BANCARIO EM ANEXO***ENTREGAR NA M|
|0460|903|Fantasia:NUTRIL REFEICOES   Vend: 9JULIA KATI  Rota: 0  Cond Venda: 213 BOLETO ITAU 28 DIAS  Digitador: 68  Ped:224088  OS:264382|
|0460|904|CARREGAMENTO: 206281 COBRANCA:341 PLANO PAGAMENTO:5 DESCRICAO:28 DIAS OBS: FANTASIA:NUTRIL REFEICOES ENDERECO DE ENTREGA:RUA BAHIA NUMERO:1584 BAIRRO:SIQUEIRA CAMPOS MUNICIPIO:ARACAJU ESTADO:SE COMPLEMENTO: OBSERVACAO: OBSERVACAO: NUMERO PEDIDO : 67036617|
|0460|905|DOCUMENTO EMITIDO POR ME OU EPP OPTANTE PELO SIMPLES NACIONAL, NAO GERA DIREITO A CREDITO FISCAL DE IPI ESTE DOCUMENTO NAO TRANSFERE CREDITO DE ICMS UNIDADE MATRIZ|
|0460|906|ATENDER O HUSE Vlr Aprox Tributos R$ 630,59 9,18% Fonte IBPT|
|0460|907|CONTAGEM DO DIA 14112018 HUSE Vlr Aprox Tributos R$ 1654,66 19,85% Fonte IBPT|
|0460|908|CONTAGEM DO DIA 14112018 HUSE|
|0460|909|Fantasia:NUTRIL REFEICOES   Vend: 9JULIA KATI  Rota: 0  Cond Venda: 314 CONSIGNACAO  Digitador: 68  Ped:224107  OS:264401|
|0460|910|Documento emitido por ME ou EPP optante pelo Simples Nacional nao gera direito a credito fiscal de ICMS *** Permite o aproveitamento do credito de ICMS no valor de R$ 15,81*** Correspondente a aliquota de 3,10%, nos termos do art 23 da Lei Complementar n°|
|0460|911|VAL APROX TRIBUTOS LEI FEDERAL 127412012 R$ 68,59 13,45% FONTE: IBPT*** Data de uso material: 14112018*** Documento emitido por ME ou EPP optante pelo Simples Nacional nao gera direito a credito fiscal de ICMS***BOLETO BANCARIO EM ANEXO***FATURAMENTO REFE|
|0460|912|Fantasia:NUTRIL REFEICOES  referente a nota consignada 134999  Vend: 9JULIA KATI  Rota: 0  Cond Venda: 415 FAT DE CONSIGNACAO  Digitador: 68  Ped:224135  OS:264433|
|0460|913|Documento emitido por ME ou EPP optante pelo Simples Nacional nao gera direito a credito fiscal de ICMS *** Permite o aproveitamento do credito de ICMS no valor de R$ 155,04*** Correspondente a aliquota de 3,10%, nos termos do art 23 da Lei Complementar n|
|0460|914|VAL APROX TRIBUTOS LEI FEDERAL 127412012 R$ 210,05 4,20% FONTE: IBPT*** Data de uso material: 14112018*** Documento emitido por ME ou EPP optante pelo Simples Nacional nao gera direito a credito fiscal de ICMS***BOLETO BANCARIO EM ANEXO***FATURAMENTO REFE|
|0460|915|VAL APROX TRIBUTOS LEI FEDERAL 127412012 R$ 146,93 4,20% FONTE: IBPT*** Data de uso material: 14112018*** Documento emitido por ME ou EPP optante pelo Simples Nacional nao gera direito a credito fiscal de ICMS***BOLETO BANCARIO EM ANEXO***LOCAL DE ENTREGA|
|0460|916|VAL APROX TRIBUTOS LEI FEDERAL 127412012 R$ 210,05 4,20% FONTE: IBPT*** Data de uso material: 14112018*** Documento emitido por ME ou EPP optante pelo Simples Nacional nao gera direito a credito fiscal de ICMS***BOLETO BANCARIO EM ANEXO***FATURAMENTO REFE|
|0460|917|VALOR APROXIMADO DOS TRIBUTOS: R$ 2832,46 CONFORME LEI 12741 DE 2013 FORMA DE PAGAMENTO: BOLETO PEDIDO: 153387 NR PEDIDO CLIENTE: 0 NR ORDEM DE MONTAGEM: 186921|
|0460|918|WMS Secao 2 Obj 33 CG 2422362 VE 2106543 PEDTAB 28384789482838908948 R 0000 PLA 25 21 BOL 0,% CLI 4312085733  Tributos Aprox R 52187 3174% Fonte IBPT Valor Total FCP ST 2863 cdpartorig 2085733,|
|0460|919|WMS Secao 11 Obj 33 CG 2422363 VE 2106543 PEDTAB 2825108944 R 0000 PLA 32 28 BOL 0% CLI 4312085733  Tributos Aprox R 110605 2011% Fonte IBPT cdpartorig 2085733,|
|0460|920|NUMTRANS: 946618  NUMPED: 208305337  NUMCAR: 30844  NO: CODCLI: 19057  FANTASIA: NUTRIL REFEICOES  PONTOREFER: PROXIMO AO RINCOL PNEUS CONDPAG: 237  BOLETO BRADESCO  21 DIAS OBS|
|0460|921|Referente NF de Consignacao No 060264, 060038, 060334, 059615, 059869|
|0460|922|TROCA DE VALIDADE MNSL|
|0460|923|Fantasia:NUTRIL REFEICOES   Vend: 9JULIA KATI  Rota: 0  Cond Venda: 314 CONSIGNACAO  Digitador: 68  Ped:224183  OS:264482|
|0460|924|Trib aprox R$ 217,35 Federal e R$ 931,50 Estadual;Fonte: IBPT SE F3L1P3;;|
|0460|925|Fantasia:NUTRIL REFEICOES  REFERENTE A NOTA CONSIGNADA 135060  Vend: 9JULIA KATI  Rota: 0  Cond Venda: 347 FAT DE CONSIGNACAO  Digitador: 68  Ped:224208  OS:264505|
|0460|926|MENSAGEM: Val Aprox dos Tributos Federais R$ 000 e Estaduais R$ 000000 % Fonte IBPTRUA BAHIA 001584 SIQUEIRA CAMPOS ARACAJU \PED: 0512\ ROM: 024\ VEND: 110\ ***** VALOR A RECEBER: R$ 64680 *****\ VENCIMENTO : 30112018\ CONDPAG: 14 DIAS\ CLIENTE: 00200282\|
|0460|927|Representante:  Nro do Checkout: 30 Voce pagou aproximadamente: R$ 23,91 tributos federais R$ 38,99 tributos estaduais R$ 205,03 pelos produtosservicos Fonte: IBPTFECOMERCIO SE D529CB|
|0460|928|Tributos Totais Incidentes Lei Federal 12741 2012: R$ 586,65 FONTE: IBPT Pedido: 103738 HUSE|
|0460|929|VAL APROX TRIBUTOS LEI FEDERAL 127412012 R$ 9,70 4,20% FONTE: IBPT*** Data de uso material: 16112018*** Documento emitido por ME ou EPP optante pelo Simples Nacional nao gera direito a credito fiscal de ICMS******BOLETO BANCARIO EM ANEXO***MATERNIDADE NSA|
|0460|930|VAL APROX TRIBUTOS LEI FEDERAL 127412012 R$ 14,49 4,20% FONTE: IBPT*** Data de uso material: 16112018*** Documento emitido por ME ou EPP optante pelo Simples Nacional nao gera direito a credito fiscal de ICMS***BOLETO BANCARIO EM ANEXO***MATERNIDADE NSL**|
|0460|931|NFe NumParcela: 001, Venc: 14122018, Valor: 4800,00 N Ped Cliente: Impresso por: LUIZ 28 DIAS BOLETO BANCARIO 65740 Transportador: JANEILSON MEDRADE DOS SANTOS Frete por Conta: 3  Transporte Proprio por conta do Remetente Placa: OER7996 UF: SE CNPJCPF: 04|
|0460|932|N° do Pedido do PALM:1 Cód do Vendedor:0001501389 N° da Ordem Venda: 0195899927 Taxa de Boleto: R$ 2,60 N° Remessas: , 0111736340 N° Fatura: 5400973562 Doc Transporte: 0000473490 Parceiro: 0001106449 Cód do Cliente 0001048655 Condição de Pagamento: 21 dia|
|0460|933|PERMITE O APROVCREDITO ICMS R$195,33 CORRESPONDENTE ALIQ 3,83% ART 23 LC 123  v118611016111735|
|0460|934|CARREGAMENTO: 206408 COBRANCA:341 PLANO PAGAMENTO:20 DESCRICAO:25 DIAS OBS: FANTASIA:NUTRIL REFEICOES ENDERECO DE ENTREGA:RUA BAHIA NUMERO:1584 BAIRRO:SIQUEIRA CAMPOS MUNICIPIO:ARACAJU ESTADO:SE COMPLEMENTO: OBSERVACAO: OBSERVACAO: NUMERO PEDIDO : 6703666|
|0460|935|PRAZO DE DEVOLUCAO E OU RECLAMACAO 24 HORAS APOS O RECEBIMENTO DA NFE; Motorista:IDJAILSON DA SILVA NASCIMENTO ORJ6327 AL 47312226|
|0460|936|Trib Aprox R$:118,44 Federal e R$:507,60 Estadual Fonte: IBPT F3L1P3|
|0460|937|## ICMS RECOLHIDO POR SUBSTITUICAO TRIBUTARIA CONF ART 678 INC II DO RICMSSE DEC 2140002 ## Complemento do Ticket: 233 e NF 63750 ## BASE DE CALCULO DO ICMS ANTECIPADO : 31,93 ICMS RETIDO ANTECIPADO : 5,75 ## EQUIPE : 906 ## PLACA : FKY3397 ## ORDEM DE VE|
|0460|938|IPI Tributavel com Aliquota Zero  Num Pedido: 201811161126108000159  Cliente: 0002152858 NUTRIL REFEICOES  Item 12017100: CEST 1703500  Item 12027250: CEST 1703500|
|0460|939|IPI Tributavel com Aliquota Zero  Num Pedido: 0411367165  Cliente: 0002152858 NUTRIL REFEICOES  Item 12017100: CEST 1703500  Item 12027250: CEST 1703500|
|0460|940|ATENDER O HUSE Vlr Aprox Tributos R$ 238,27 6,45% Fonte IBPT|
|0460|941|CONTAGEM DO DIA 19112018 HUSE Vlr Aprox Tributos R$ 1860,12 18,71% Fonte IBPT|
|0460|942|VAL APROX TRIBUTOS LEI FEDERAL 127412012 R$ 17,92 4,20% FONTE: IBPT*** Data de uso material: 19112018*** Documento emitido por ME ou EPP optante pelo Simples Nacional nao gera direito a credito fiscal de ICMS***BOLETO BANCARIO EM ANEXO***FATURAMENTO REFER|
|0460|943|Documento emitido por ME ou EPP optante pelo Simples Nacional nao gera direito a credito fiscal de ICMS*** Permite o aproveitamento do credito de ICMS no valor de R$ 116,65*** Correspondente a aliquota de 3,10%, nos termos do art 23 da Lei Complementar n°|
|0460|944|VAL APROX TRIBUTOS LEI FEDERAL 127412012 R$ 158,03 4,20% FONTE: IBPT*** Data de uso material: 19112018*** Documento emitido por ME ou EPP optante pelo Simples Nacional nao gera direito a credito fiscal de ICMS***BOLETO BANCARIO EM ANEXO***FATURAMENTTO REF|
|0460|945|VAL APROX TRIBUTOS LEI FEDERAL 127412012 R$ 211,90 4,20% FONTE: IBPT*** Data de uso material: 19112018*** Documento emitido por ME ou EPP optante pelo Simples Nacional nao gera direito a credito fiscal de ICMS***BOLETO BANCARIO EM ANEXO***LOCAL DE ENTREGA|
|0460|946|Documento emitido por ME ou EPP optante pelo Simples Nacional nao gera direito a credito fiscal de ICMS*** Permite o aproveitamento do credito de ICMS no valor de R$ 15,81*** Correspondente a aliquota de 3,10%, nos termos do art 23 da Lei Complementar n°|
|0460|947|VAL APROX TRIBUTOS LEI FEDERAL 127412012 R$ 68,59 13,45% FONTE: IBPT*** Data de uso material: 19112018*** Documento emitido por ME ou EPP optante pelo Simples Nacional nao gera direito a credito fiscal de ICMS***BOLETO BANCARIO EM ANEXO***FATURAMENTO REFE|
|0460|948|Fantasia:NUTRIL REFEICOES   Vend: 9JULIA KATI  Rota: 0  Cond Venda: 314 CONSIGNACAO  Digitador: 68  Ped:224265  OS:264573|
|0460|949|Regime no00029015 15122015 Venda efetuada a aliq zero da contribuicao do PIS e da COFINS Conf Art1o da Lei 128392013 e Art 8o da Lei 1086504 SIF 2437 TERMOGRAFO: 248602PEDGr Redes: ROMANEIO: 190ROS10318995 Carga: 19010305104Seq:6 Lacre: 001951 Forma de PG|
|0460|950|Fantasia:NUTRIL REFEICOES  REFERENTE A NOTA CONSIGNADA 134119  Vend: 9JULIA KATI  Rota: 0  Cond Venda: 347 FAT DE CONSIGNACAO  Digitador: 68  Ped:224287  OS:264597|
|0460|951|Fantasia:NUTRIL REFEICOES   Vend: 4LUCIANA  Rota: 98  Cond Venda: 274 BOLETO 21D ITAU  Digitador: 88  Ped:526057  OS:2806517|
|0460|952|Fantasia:NUTRIL REFEICOES   Vend: 4LUCIANA  Rota: 98  Cond Venda: 276 BOLETO 14D ITAU  Digitador: 88  Ped:526088  OS:2806592|
|0460|953|Tributos Totais Incidentes Lei Federal 12741 2012: R$ 1420,10 FONTE: IBPT Pedido: 103761 HUSEProduto cod 15760 Lote: 100759677; Qtde: 49000 referente a nota de Consignacao Nr 060264; Produto cod 29416 Lote: 18001; Qtde: 12000 referente a nota de Consignac|
|0460|954|Tributos Totais Incidentes Lei Federal 12741 2012: R$ 34,20 FONTE: IBPT Pedido: 103763 HUSE|
|0460|955|Tributos Totais Incidentes Lei Federal 12741 2012: R$ 322,50 FONTE: IBPT Pedido: 103764 MNSLProduto cod 30799 Lote: 20191227; Qtde: 8000 referente a nota de Consignacao Nr 060502; Produto cod 28340 Lote: 0000905679; Qtde: 5000 referente a nota de Consigna|
|0460|956|Representante:  Nro do Checkout: 29 Voce pagou aproximadamente: R$ 115,06 tributos federais R$ 100,44 tributos estaduais R$ 342,50 pelos produtosservicos Fonte: IBPTFECOMERCIO SE D529CB|
|0460|957|N° do Pedido do PALM:22039686 Cód do Vendedor:0001501389 N° da Ordem Venda: 0195915944 Taxa de Boleto: R$ 2,60 N° Remessas: , 0111743963 N° Fatura: 5400982533 Doc Transporte: 0000474120 Parceiro: 0001101315 Cód do Cliente 0001048655 Condição de Pagamento:|
|0460|958|Cod Cliente:1321Fantasia:NUTRIL REFEICOESCod Cob:00128 DIAS TRAS DUCHAS CORONA RCA: MARCIO PEREIRA DE ARAGAO  FOOD 7998092271 Nome Supervisor:GIVANILSON FERREIRA DOS SANTOS ORDEM DE COMPRA: AS MERC SUJEITAS A TRIBUTACAO A ICMS NORMAL QUE SE ENCONTRA NESTA|
|0460|959|DOCUMENTO EMITIDO POR ME OU EPP OPTANTE PELO SIMPLES NACIONAL, NAO GERA DIREITO A CREDITO FISCAL DE IPI ESTE DOCUMENTO NAO TRANSFERE CREDITO DE ICMS UNIDADE HU|
|0460|960|ID Nota: 13268 Trib aprox R$: 32,70 Federal e 93,42 Estadual Fonte: IBPT H4T2P7|
|0460|961|Fantasia:NUTRIL REFEICOES   Vend: 9JULIA KATI  Rota: 0  Cond Venda: 344 BOLETO ITAU 30DIAS  Digitador: 68  Ped:224438  OS:264772|
|0460|962|TERMO DE ACORDO N 201495160 TRANSPORTE DE CARGA PROPRIA Fantasia:NUTRIL REFEICOES GA:103GA JEFFERSON DOS SANTOS FRISE  Fone GA:79 981180474 Cod RCA:523  JOSE ANISIO DA ROSA NETO FOO  N Pedido:523001399  Num Trans:1333143  Num Carreg:50955 Cod Cob:341  Pra|
|0460|963|Ped:ABAVYT Cliente: NUTRIL REFEICOES 01082902 VENDEDOR: 001763FERISTA 1030 35229300 ASSIS VENDAS: KESIA SANTOS  CELULAR :79 91198030 ReclamacoesSugestoes: ouvidoria@asabrancaindbr TelevendasOuvidoriaFinanceiro: 0800 284 1570|
|0460|964|Empresa atacadista credenciada conforme Decreto 299112014 e Termo de acordo 1231502017 Por favor, atualizacoes de boletos somente nos enderecos indicados no boleto da empresa; fantasia: NUTRIL REFEICOES  cod cob: 001 rca: 132  KATIANE KELLY DOS SANTOS  99|
|0460|965|Empresa atacadista credenciada conforme Decreto 299112014 e Termo de acordo 1231502017 Por favor, atualizacoes de boletos somente nos enderecos indicados no boleto da empresa; fantasia: NUTRIL REFEICOES  cod cob: BNF rca: 132  KATIANE KELLY DOS SANTOS  99|
|0460|966|Cod Cliente:1321Fantasia:NUTRIL REFEICOESCod Cob:70128 DIAS TRAS DUCHAS CORONA RCA: MARCIO PEREIRA DE ARAGAO  FOOD 7998092271 Nome Supervisor:GIVANILSON FERREIRA DOS SANTOS ORDEM DE COMPRA: AS MERC SUJEITAS A TRIBUTACAO SUBSTITUIDA QUE SE ENCONTRA NESTA N|
|0460|967|MNSL Vlr Aprox Tributos R$ 25,52 16,2% Fonte IBPT|
|0460|968|HUSE Vlr Aprox Tributos R$ 1409,58 30,59% Fonte IBPT|
|0460|969|Vendedor: 000011CLENILSON GONZAGA  OC: 0 CodCliente: C300025  Tipo Pgto: DINHEIRO Cliente:NUTRIL REFEICOES Ref: Vlr Aprox Tributos R$ 0 0% Fonte IBPT|
|0460|970|*Tipo Pedido: DP * *VALOR DA DESCARGA 0,12 DOZE CENTAVOS POR VOLUMEProdutos vendidos pela empresa nao se enquadram na Substituicao Tributaria citados nos artigos de papelaria e nem de material para construcao, pois nosso material e de embalagens para alim|
|0460|971|DOCUMENTO EMITIDO POR ME OU EPP OPTANTE PELO SIMPLES NACIONAL NAO GERA DIREITO A CREDITO FISCAL DE IPI PERMITE O APROVEITAMENTO DO CREDITO DE ICMS NO VALOR DE R$ 8,54 CORREPONDENTE A ALIQUOTA DE 3,88% NOS TERMO ART23 DA LC 1232006VENIRLAPEDINT89037  VENCI|
|0460|972|NUMTRANS: 951825  NUMPED: 346300059  NUMCAR: 30954  NO: CODCLI: 19057  FANTASIA: NUTRIL REFEICOES  PONTOREFER: PROXIMO AO RINCOL PNEUS CONDPAG: 237  BOLETO BRADESCO  21 DIAS OBS|
|0460|973|Empresa atacadista credenciada conforme Decreto 299112014 e Termo de acordo 1231502017 Por favor, atualizacoes de boletos somente nos enderecos indicados no boleto da empresa; fantasia: NUTRIL REFEICOES  cod cob: 001 rca: 132  KATIANE KELLY DOS SANTOS  99|
|0460|974|Trib aprox R$ 210,10 Federal e R$ 900,45 Estadual;Fonte: IBPT SE F3L1P3;;|
|0460|975|ATENDER O HUSE Vlr Aprox Tributos R$ 476,74 9,19% Fonte IBPT|
|0460|976|CONTAGEM DO DIA 22112018 HUSE Vlr Aprox Tributos R$ 2363,07 23,15% Fonte IBPT|
|0460|977|CONTAGEM DO DIA 22112018 HUSE|
|0460|978|Documento emitido por ME ou EPP optante pelo Simples Nacional nao gera direito a credito fiscal de ICMS*** Permite o aproveitamento do credito de ICMS no valor de R$ 2,79*** Correspondente a aliquota de 3,10%, nos termos do art 23 da Lei Complementar n° 1|
|0460|979|VAL APROX TRIBUTOS LEI FEDERAL 127412012 R$ 12,10 13,45% FONTE: IBPT*** Data de uso material: 22112018*** Documento emitido por ME ou EPP optante pelo Simples Nacional nao gera direito a credito fiscal de ICMS***BOLETO BANCARIO EM ANEXO***FATURAMENTO REFE|
|0460|980|Documento emitido por ME ou EPP optante pelo Simples Nacional nao gera direito a credito fiscal de ICMS *** Permite o aproveitamento do credito de ICMS no valor de R$ 235,02*** Correspondente a aliquota de 3,10%, nos termos do art 23 da Lei Complementar n|
|0460|981|Fantasia:NUTRIL REFEICOES   Vend: 9JULIA KATI  Rota: 0  Cond Venda: 314 CONSIGNACAO  Digitador: 68  Ped:224532  OS:264885|
|0460|982|VAL APROX TRIBUTOS LEI FEDERAL 127412012 R$ 318,41 4,20% FONTE: IBPT*** Data de uso material: 22112018*** Documento emitido por ME ou EPP optante pelo Simples Nacional nao gera direito a credito fiscal de ICMS***BOLETO BANCARIO EM ANEXO***FATURAMENTO REFE|
|0460|983|VAL APROX TRIBUTOS LEI FEDERAL 127412012 R$ 51,38 4,20% FONTE: IBPT*** Data de uso material: 22112018*** Documento emitido por ME ou EPP optante pelo Simples Nacional nao gera direito a credito fiscal de ICMS***BOLETO EM ANEXO***LOCAL DE ENTREGA: HUSE***|
|0460|984|VAL APROX TRIBUTOS LEI FEDERAL 127412012 R$ 167,85 4,20% FONTE: IBPT*** Data de uso material: 22112018*** Documento emitido por ME ou EPP optante pelo Simples Nacional nao gera direito a credito fiscal de ICMS***BOLETO BANCARIO EM ANEXO***LOCAL DE ENTREGA|
|0460|985|Documento emitido por ME ou EPP optante pelo Simples Nacional nao gera direito a credito fiscal de ICMS*** Permite o aproveitamento do credito de ICMS no valor de R$ 219,65*** Correspondente a aliquota de 3,10%, nos termos do art 23 da Lei Complementar n°|
|0460|986|VAL APROX TRIBUTOS LEI FEDERAL 127412012 R$ 297,59 4,20% FONTE: IBPT*** Data de uso material: 22112018*** Documento emitido por ME ou EPP optante pelo Simples Nacional nao gera direito a credito fiscal de ICMS***BOLETO BANCARIO EM ANEXO***FATURAMENTO REFE|
|0460|987|Fantasia:NUTRIL REFEICOES  REFERENTE A NOTA CONSIGNADA 135343  Vend: 9JULIA KATI  Rota: 0  Cond Venda: 415 FAT DE CONSIGNACAO  Digitador: 68  Ped:224562  OS:264911|
|0460|988|Documento emitido por ME ou EPP optante pelo Simples Nacional nao gera direito a credito fiscal de ICMS*** Permite o aproveitamento do credito de ICMS no valor de R$ 10,23*** Correspondente a aliquota de 3,10%, nos termos do art 23 da Lei Complementar n°|
|0460|989|VAL APROX TRIBUTOS LEI FEDERAL 127412012 R$ 44,38 13,45% FONTE: IBPT*** Data de uso material: 22112018*** Documento emitido por ME ou EPP optante pelo Simples Nacional nao gera direito a credito fiscal de ICMS***BOLETO BANCARIO EM ANEXO***FATURAMENTO REFE|
|0460|990|[ PED: 940908    FONTE: IMPOSTOS IBPT FONTE: IBPTEMPRESOMETROCOMBR D529CB TRIBUTOS TOTAIS INCIDENTES LEI FEDERAL 127412012  FEDERAL 91,98 ESTADUAL 262,80 MUNICIPAL 0,00 ;, DATA EMISSAO: 22112018 15:14:16, COO: 52044,, PDV: 1]|
|0460|991|Tributos Totais Incidentes Lei Federal 12741 2012: R$ 2485,09 FONTE: IBPT Pedido: 103849 Vend: ISAIAS MENESES RIBEIRO HUSE, nota de Consignacao Nr 059321;nota de Consignacao Nr 059473;nota de Consignacao Nr 060257;nota de Consignacao Nr 060429;nota de Con|
|0460|992|Tributos Totais Incidentes Lei Federal 12741 2012: R$ 234,16 FONTE: IBPT Pedido: 103853 Vend: ISAIAS MENESES RIBEIRO MNSL nota de Consignacao Nr 053825;nota de Consignacao Nr 060659;nota de Consignacao Nr 060987|
|0460|993|Tributos Totais Incidentes Lei Federal 12741 2012: R$ 45,37 FONTE: IBPT Pedido: 103859 Vend: ISAIAS MENESES RIBEIRO HUSE|
|0460|994|Tributos Totais Incidentes Lei Federal 12741 2012: R$ 249,43 FONTE: IBPT Pedido: 103837 Vend: FLAVIO CHAVES PEIXOTO BOLETO|
|0460|995|Ped:ABAXLZ Cliente: NUTRIL REFEICOES 01082902 VENDEDOR: 001763FERISTA 1030 35229300 ASSIS VENDAS: KESIA SANTOS  CELULAR :79 91198030 ReclamacoesSugestoes: ouvidoria@asabrancaindbr TelevendasOuvidoriaFinanceiro: 0800 284 1570|
|0460|996|ICMS PAGO ANTERIORM P SUBST TRIBUTARIA CONF ART 719C DO DEC 2680209SE FRETE INCLUSO NO PRECO DA MERCADORIA ART 4 INCISOS I E II PORT 1258 CF ART 228 RICMS Representante: LUIZ CARLOS MUNIZ FREITAS Frete: 47,50 PEDIDO: 179972 FORMA DE PAGAMENTO: 28 DIAS|
|0460|997|PED: 51665 REP: 3216REPRESENTACOES JOSE CNPJ: 13005368000194 Forma Pagto: 3REC BOLETO BANCARIO Motorista: ENIO LAURO DE MEDEIROS;;PLACA QJT2651 **NUTRIL REFEICOES**|
|0460|998|MENSAGEM: Val Aprox dos Tributos Federais R$ 000 e Estaduais R$ 000000 % Fonte IBPTRUA BAHIA 001584 SIQUEIRA CAMPOS ARACAJU \PED: 0490\ ROM: 010\ VEND: 110\ ***** VALOR A RECEBER: R$ 73920 *****\ VENCIMENTO : 07122018\ CONDPAG: 14 DIAS\ CLIENTE: 00200282\|
|0460|999|ICMS ja pago via SubTrib  SAIDA PPJ VAREJ OU CONSUM FINAL CRED ALI IPI CONF 1  do Art 15 LEI 1309715  Op Tributavel base de calc = valor oper aliq diferenciada  Num Doc SAP: 0017990205  Tipo da Ordem: SD ZVEN  SFC   Fornecimento: 8015499280  Numero do Tra|
|0460|1000|Cod Cliente:1321Fantasia:NUTRIL REFEICOESCod Cob:70114 DIAS TRAS DUCHAS CORONA RCA: MARCIO PEREIRA DE ARAGAO  FOOD 7998092271 Nome Supervisor:GIVANILSON FERREIRA DOS SANTOS ORDEM DE COMPRA: AS MERC SUJEITAS A TRIBUTACAO A ICMS NORMAL QUE SE ENCONTRA NESTA|
|0460|1001|Prezado Cliente, Favor Conferir a Mercadoria no Ato da Entrega Nao Aceitamos Devolucoes ou Reclamacoes Posteriores 40083 Supervisor:50044, Vendedor:51509 ICMS SMERC CFOP = 6101 ALIQ = 7,00% 5354,02 = 374,79 LIB: 042864 SEQ: 000016 PED: 1034130 COD COND PG|
|0460|1002|VAL APROX TRIBUTOS LEI FEDERAL 127412012 R$ 38,24 6,35% FONTE: IBPT*** Data de uso material: 26112018*** Documento emitido por ME ou EPP optante pelo Simples Nacional nao gera direito a credito fiscal de ICMS***BOLETO EM ANEXO***LOCAL DE ENTREGA: MATERNID|
|0460|1003|DOCUMENTO EMITIDO POR ME OU EPP OPTANTE PELO SIMPLES NACIONAL, NAO GERA DIREITO A CREDITO FISCAL DE IPI ESTE DOCUMENTO NAO TRANSFERE CREDITO DE ICMS|
|0460|1004|Documento emitido por ME ou EPP optante pelo Simples Nacional nao gera direito a credito fiscal de ICMS *** Permite o aproveitamento do credito de ICMS no valor de R$ 110,66*** Correspondente a aliquota de 3,10%, nos termos do art 23 da Lei Complementar n|
|0460|1005|VAL APROX TRIBUTOS LEI FEDERAL 127412012 R$ 149,91 4,20% FONTE: IBPT*** Data de uso material: 26112018*** Documento emitido por ME ou EPP optante pelo Simples Nacional nao gera direito a credito fiscal de ICMS***BOLETO BANCARIO EM ANEXO***FATURAMENTO REFE|
|0460|1006|VAL APROX TRIBUTOS LEI FEDERAL 127412012 R$ 255,90 4,20% FONTE: IBPT*** Data de uso material: 26112018*** Documento emitido por ME ou EPP optante pelo Simples Nacional nao gera direito a credito fiscal de ICMS***BOLETO BANCARIO EM ANEXO***LOCAL DE ENTREGA|
|0460|1007|Documento emitido por ME ou EPP optante pelo Simples Nacional nao gera direito a credito fiscal de ICMS *** Permite o aproveitamento do credito de ICMS no valor de R$ 43,65*** Correspondente a aliquota de 3,10%, nos termos do art 23 da Lei Complementar n°|
|0460|1008|Documento emitido por ME ou EPP optante pelo Simples Nacional nao gera direito a credito fiscal de ICMS***MERCADORIA ENVIADA EM CONSIGNAcaO***LOCAL DE ENTREGA: HUSE***|
|0460|1009|Documento emitido por ME ou EPP optante pelo Simples Nacional nao gera direito a credito fiscal de ICMS*** Permite o aproveitamento do credito de ICMS no valor de R$ 13,02*** Correspondente a aliquota de 3,10%, nos termos do art 23 da Lei Complementar n°|
|0460|1010|VAL APROX TRIBUTOS LEI FEDERAL 127412012 R$ 56,49 13,45% FONTE: IBPT*** Data de uso material: 26112018*** Documento emitido por ME ou EPP optante pelo Simples Nacional nao gera direito a credito fiscal de ICMS***BOLETO EM ANEXO***FATURAMENTO REFERENTE A N|
|0460|1011|Fantasia:NUTRIL REFEICOES   Vend: 9JULIA KATI  Rota: 0  Cond Venda: 314 CONSIGNACAO  Digitador: 68  Ped:224704  OS:265079|
|0460|1012|VAL APROX TRIBUTOS LEI FEDERAL 127412012 R$ 62,26 4,20% FONTE: IBPT*** Data de uso material: 26112018*** Documento emitido por ME ou EPP optante pelo Simples Nacional nao gera direito a credito fiscal de ICMS***BOLETO BANCARIO EM ANEXO***HUSE***|
|0460|1013|CONTAGEM DO DIA 26112018 HUSE Vlr Aprox Tributos R$ 2385,2 19,81% Fonte IBPT|
|0460|1014|CONTAGEM DO DIA 26112018 HUSE|
|0460|1015|Docnum: 0116776466 Cli: 0003358114 FFt: 2858 Emp: BR10 Org Vendas: BRL1  06  00 Fvd: Remessa: 8300456458 DoctFat: 9551127343 N Carga: 8021212546 Parceiro 10148682 Pedido: 5314054006 *Boleto Anexo* Tax Perm 720000000 PedCli: 7979560 Venda a pre o CIF e Dis|
|0460|1016|Fantasia:NUTRIL REFEICOES   Vend: 9JULIA KATI  Rota: 0  Cond Venda: 344 BOLETO ITAU 30DIAS  Digitador: 68  Ped:224697  OS:265070|
|0460|1017|Fantasia:NUTRIL REFEICOES  REFERNTE A NOTA CONSIGNADA 135479  Vend: 9JULIA KATI  Rota: 0  Cond Venda: 347 FAT DE CONSIGNACAO  Digitador: 68  Ped:224733  OS:265106|
|0460|1018|Tributos Totais Incidentes Lei Federal 12741 2012: R$ 382,47 FONTE: IBPT Pedido: 103940 Produto cod 28340 Lote: 0000905679; Qtde: 3000 referente a nota de Consignacao Nr 060867; Produto cod 30799 Lote: 20191227; Qtde: 20000 referente a nota de Consignacao|
|0460|1019|Tributos Totais Incidentes Lei Federal 12741 2012: R$ 841,64 FONTE: IBPT Pedido: 103939 HUSE referente a nota de Consignacao Nr 060500; referente a nota de Consignacao Nr 060598; referente a nota de Consignacao Nr 060870; referente a nota de Consignacao N|
|0460|1020|VALOR APROXIMADO DOS TRIBUTOS: R$ 2444,83 CONFORME LEI 12741 DE 2013 FORMA DE PAGAMENTO: BOLETO PEDIDO: 153831 NR PEDIDO CLIENTE: 0 NR ORDEM DE MONTAGEM: 187378|
|0460|1021|Email do Destinatario: nutrirefeicoes@bolcombr; Inf Contribuinte: IDocumento emitido por ME ou EPP, optante pelo Simples Nacional IINao gera direito a credito fiscal de IPI; Permite o aproveitamento de credito do ICMS de R$ 0,33 conforme aliquota do Simpl|
|0460|1022|VAL APROX TRIBUTOS R20429 3144 FONTE: IBPT PEDIDO: 358008239 NUMTRANS: 10719090 CARREG: 44911 RCA:JAQUELINE PASSOS DE JESUS TEL: COND DE VENDA: 001BANCO DO BRASIL28 DD OBS:|
|0460|1023|VAL APROX TRIBUTOS R1702 3144 FONTE: IBPT PEDIDO: 358008240 NUMTRANS: 10719086 CARREG: 44911 RCA:JAQUELINE PASSOS DE JESUS TEL: COND DE VENDA: BNFBONIFICACAOBONIFICACAO OBS:|
|0460|1024|VAL APROX TRIBUTOS R1702 3144 FONTE: IBPT PEDIDO: 358008241 NUMTRANS: 10719088 CARREG: 44911 RCA:JAQUELINE PASSOS DE JESUS TEL: COND DE VENDA: BNFBONIFICACAOBONIFICACAO OBS:|
|0460|1025|COD CLIENTE:  6876  FANTASIA:NUTRIL COMERCIO E SERVICOS EIRELI ME RCA: 71  NUM TRANS: 1855530  NR PEDIDO:7159803 COD COB:  500  PRAZO:  30 DIAS REDUCAO BASE CALCULO, CONFART 534 ZZA DO RICMSDEC1090R DE 25102002|
|0460|1026|Empresa atacadista credenciada conforme Decreto 299112014 e Termo de acordo 1231502017 Por favor, atualizacoes de boletos somente nos enderecos indicados no boleto da empresa; fantasia: NUTRIL REFEICOES  cod cob: BNF rca: 132  KATIANE KELLY DOS SANTOS  99|
|0460|1027|Empresa atacadista credenciada conforme Decreto 299112014 e Termo de acordo 1231502017 Por favor, atualizacoes de boletos somente nos enderecos indicados no boleto da empresa; fantasia: NUTRIL REFEICOES  cod cob: 001 rca: 132  KATIANE KELLY DOS SANTOS  99|
|0460|1028|Valor aprox Tributos R$ 17171 3145% Fonte: IBPT|
|0460|1029|DOCUMENTO EMITIDO POR ME OU EPP OPTANTE PELO SIMPLES NACIONAL, NAO GERA DIREITO A CREDITO FISCAL DE IPI ESTE DOCUMENTO NAO TRANSFERE CREDITO DE ICMS UNIDADE MATERNIDADE NOSSA S DE LOURDES|
|0460|1030|WMS Secao 11 Obj 33 CG 2425105 VE 2106543 PEDTAB 2859968952 R 0000 PLA 32 28 BOL 0% CLI 4312085733  Tributos Aprox R 110605 2011% Fonte IBPT cdpartorig 2085733,|
|0460|1031|CARREGAMENTO: 0 COBRANCA:DEPA PLANO PAGAMENTO:1 DESCRICAO:A VISTA OBS: FANTASIA:NUTRIL REFEICOES ENDERECO DE ENTREGA:RUA BAHIA NUMERO:1584 BAIRRO:SIQUEIRA CAMPOS MUNICIPIO:ARACAJU ESTADO:SE COMPLEMENTO: OBSERVACAO: OBSERVACAO: NUMERO PEDIDO : 83006346 RED|
|0460|1032|[ PED: 940100    FONTE: IMPOSTOS IBPT FONTE: IBPTEMPRESOMETROCOMBR D529CB TRIBUTOS TOTAIS INCIDENTES LEI FEDERAL 127412012  FEDERAL 135,62 ESTADUAL 387,50 MUNICIPAL 0,00 ;, DATA EMISSAO: 27112018 17:44:29, COO: 46452,, PDV: 2]|
|0460|1033|N° do Pedido do PALM:22060020 Cód do Vendedor:0001501389 N° da Ordem Venda: 0195944750 Taxa de Boleto: R$ 2,60 N° Remessas: , 0111776925 N° Fatura: 5401015623 Doc Transporte: 0000476360 Parceiro: 0001105258 Cód do Cliente 0001048655 Condição de Pagamento:|
|0460|1034|N TRANSACAO: 10596467  BNF  PRAZO MEDIO: 0 DIAS N PEDIDO: 3420002081  N CARREG: 25653 NUMPED_CLIENTE: NOME FANTASIA: NUTRIL REFEICOES COD: 7228 PONTO REF: BONIFICACAO VEND: 34  ANA PAULA DOS SANTOS  07998186389  SUPERV: 7  WALTER WAGNER SANTANA CRUZ  0829|
|0460|1035|N TRANSACAO: 10596470  BANCO ITAU BK  PRAZO MEDIO: 14 DIAS N PEDIDO: 3420002080  N CARREG: 25653 NUMPED_CLIENTE: NOME FANTASIA: NUTRIL REFEICOES COD: 7228 PONTO REF: VEND: 34  ANA PAULA DOS SANTOS  07998186389  SUPERV: 7  WALTER WAGNER SANTANA CRUZ  08298|
|0460|1036|NUMPED: 7034229  NUMCAR: 71206  CONDPAG: 341  21 DIAS  NUMTRANSS: 746189 _______________________________________________________________________________________ FANTASIA: NUTRIL REFEUCOES  CODIGO CLIENTE: 12200 HORARIO ENTREGA: APOS O VENCIMENTO JUROS DE|
|0460|1037|Ped:ABB249 Cliente: NUTRIL REFEICOES 01082902 VENDEDOR: 000672WESLEY 79 91980423 ASSIS VENDAS: KESIA SANTOS  CELULAR :79 91198030 ReclamacoesSugestoes: ouvidoria@asabrancaindbr TelevendasOuvidoriaFinanceiro: 0800 284 1570|
|0460|1038|Documento emitido por ME ou EPP optante pelo Simples Nacional nao gera direito a credito fiscal de ipi Permite o aproveitamento do credito de icms no valor de R$ 0,00; Correspondente a aliquota de 0,00%, nos termos do art 23 da LC 123  2006; Val Aprox R$0|
|0460|1039|DEVOLUCAO REF A NOTA: 92863202 DATA: 27112018 TROCA DE PRODUTO|
|0460|1040|Ped:ABB246 Cliente: NUTRIL REFEICOES 01082902 VENDEDOR: 000672WESLEY 79 91980423 ASSIS VENDAS: KESIA SANTOS  CELULAR :79 91198030 ReclamacoesSugestoes: ouvidoria@asabrancaindbr TelevendasOuvidoriaFinanceiro: 0800 284 1570|
|0460|1041|Representante:  Nro do Checkout: 30 Voce pagou aproximadamente: R$ 11,15 tributos federais R$ 25,00 tributos estaduais R$ 271,38 pelos produtosservicos Fonte: IBPTFECOMERCIO SE D529CB|
|0460|1042|Valor total aproximado de tributos federais, estaduais e municipais: R$ 327,44 Isento ou não sujeito a IPI|
|0460|1043|Ped:ABBA61 Cliente: NUTRIL REFEICOES 01082902 VENDEDOR: 000672WESLEY 79 91980423 ASSIS VENDAS: KESIA SANTOS  CELULAR :79 91198030 ReclamacoesSugestoes: ouvidoria@asabrancaindbr TelevendasOuvidoriaFinanceiro: 0800 284 1570|
|0460|1044|Tributos Totais Incidentes Lei Federal 12741 2012: R$ 152,22 FONTE: IBPT VENCIMENTO: 06122018|
|0460|1045|ATENDER O HUSE Vlr Aprox Tributos R$ 536,09 11,6% Fonte IBPT|
|0460|1046|CONTAGEM DO DIA 29112018 HUSE Vlr Aprox Tributos R$ 2884,5 21,06% Fonte IBPT|
|0460|1047|CONTAGEM DO DIA 29112018 HUSE|
|0460|1048|Fantasia:NUTRIL REFEICOES   Vend: 9JULIA KATI  Rota: 0  Cond Venda: 314 CONSIGNACAO  Digitador: 68  Ped:224958  OS:265344|
|0460|1049|CONTAGEM DO DIA 29112018 HUSE Vlr Aprox Tributos R$ 2692,53 21,52% Fonte IBPT|
|0460|1050|Documento emitido por ME ou EPP optante pelo Simples Nacional nao gera direito a credito fiscal de ICMS *** Permite o aproveitamento do credito de ICMS no valor de R$ 178,55*** Correspondente a aliquota de 3,10%, nos termos do art 23 da Lei Complementar n|
|0460|1051|VAL APROX TRIBUTOS LEI FEDERAL 127412012 R$ 241,91 4,20% FONTE: IBPT*** Data de uso material: 29112018*** Documento emitido por ME ou EPP optante pelo Simples Nacional nao gera direito a credito fiscal de ICMS***BOLETO BANCARIO EM ANEXO***FATURAMENTO REFE|
|0460|1052|Documento emitido por ME ou EPP optante pelo Simples Nacional nao gera direito a credito fiscal de ICMS *** Permite o aproveitamento do credito de ICMS no valor de R$ 13,22*** Correspondente a aliquota de 3,10%, nos termos do art 23 da Lei Complementar n°|
|0460|1053|VAL APROX TRIBUTOS LEI FEDERAL 127412012 R$ 17,92 4,20% FONTE: IBPT*** Data de uso material: 29112018*** Documento emitido por ME ou EPP optante pelo Simples Nacional nao gera direito a credito fiscal de ICMS***BOLETO BANCARIO EM ANEXO***FATURAMENTO REFER|
|0460|1054|VAL APROX TRIBUTOS LEI FEDERAL 127412012 R$ 238,24 4,20% FONTE: IBPT*** Data de uso material: 29112018*** Documento emitido por ME ou EPP optante pelo Simples Nacional nao gera direito a credito fiscal de ICMS***BOLETO BANCARIO EM ANEXO***LOCAL DE ENTREGA|
|0460|1055|VAL APROX TRIBUTOS LEI FEDERAL 127412012 R$ 56,49 13,45% FONTE: IBPT*** Data de uso material: 29112018*** Documento emitido por ME ou EPP optante pelo Simples Nacional nao gera direito a credito fiscal de ICMS***BOLETO BANCARIO EM ANEXO***FATURAMENTO REFE|
|0460|1056|PARA ATENDER NO HU Vlr Aprox Tributos R$ 6,67 6,23% Fonte IBPT|
|0460|1057|Docnum: 0123116842 Cli: 0003358114 FFt: 2858 Emp: BR10 Org Vendas: BRL1  06  00 Fvd: Remessa: 8299562316 DoctFat: 9551547150 N Carga: 8021238668 Parceiro 10148682 Pedido: 5314514562 *Boleto Anexo*Tax Perm 720000000 PedCli: 7985171 Pre o unitario do leite|
|0460|1058|Docnum: 0123116843 Cli: 0003358114 FFt: 2858 Emp: BR10 Org Vendas: BRN2  06  00 Fvd: Remessa: 8299562308 DoctFat: 9551547172 NCarga: 8021238668 Parceiro 10825504 Pedido: 5314480143 *Boleto Anexo* Tax Perm 720000000 PedCli: 7985170 Venda a pre o CIF e Disp|
|0460|1059|Fantasia:NUTRIL REFEICOES  referente a nota consignada 135677  Vend: 9JULIA KATI  Rota: 0  Cond Venda: 347 FAT DE CONSIGNACAO  Digitador: 68  Ped:224987  OS:265378|
|0460|1060|ID Nota: 16703  Documento Emitido por ME ou EPP Conforme lei complementar N 1232006 Optante pelo Simples Nacional e Nao Gera Direito a Credito Fiscal de ICMS, de ISS e de IPITrib aprox R$: 141,69 Federal e 332,64 Estadual Fonte: IBPT H4T2P7|
|0460|1061|Tributos Totais Incidentes Lei Federal 12741 2012: R$ 313,13 FONTE: IBPT Pedido: 104019 MNSL Produto cod 29251 Lote: 100748264; Qtde: 1000 referente a nota de Consignacao Nr 060667; Produto cod 30799 Lote: 20191227; Qtde: 20000 referente a nota de Consign|
|0460|1062|Fantasia:NUTRIL REFEICOES   Vend: 4LUCIANA  Rota: 98  Cond Venda: 272 BOLETO 28D ITAU  Digitador: 88  Ped:528131  OS:2808956|
|0460|1063|Tributos Totais Incidentes Lei Federal 12741 2012: R$ 1346,64 FONTE: IBPT Pedido: 104022 HUSE referente a nota de Consignacao Nr 058981; referente a nota de Consignacao Nr 059139; referente a nota de Consignacao Nr 059468; referente a nota de Consignacao|
|0460|1064|PEDIDO NR: 111828696 50,00 VOLUMES CUBAGEM: 0,89258 TRANSPORTADORA DE REDESPACHO FOB: ENDERECO DE ENTREGA: **LOCAL DE ENTREGA: R BAHIA,1584,SIQUEIRA CAMPOS, ARACAJU, SE49075000 VALOR DO ICMS R$ 178,20 ; VALOR DO IPI R$ ; VALOR DO PIS R$ 70,56 ; VALOR COFI|
|0460|1065|N° do Pedido do PALM:22067841 Cód do Vendedor:0001501389 N° da Ordem Venda: 0195955917 Taxa de Boleto: R$ 2,60 N° Remessas: , 0111787485 N° Fatura: 5401027246 Doc Transporte: 0000477177 Parceiro: 0001105258 Cód do Cliente 0001048655 Condição de Pagamento:|
|0460|1066|MOTORISTA SERGIO, PLACA QKS2631SE Trib Aprox R$:157,92 Federal e R$:676,80 Estadual Fonte: IBPT F3L1P3|
|0460|1067|Empresa atacadista credenciada conforme Decreto 299112014 e Termo de acordo 1231502017 Por favor, atualizacoes de boletos somente nos enderecos indicados no boleto da empresa; fantasia: NUTRIL REFEICOES  cod cob: 001 rca: 132  KATIANE KELLY DOS SANTOS  99|
|0460|1068|Empresa atacadista credenciada conforme Decreto 299112014 e Termo de acordo 1231502017 Por favor, atualizacoes de boletos somente nos enderecos indicados no boleto da empresa; fantasia: NUTRIL REFEICOES  cod cob: BNF rca: 132  KATIANE KELLY DOS SANTOS  99|
|0460|1069|Empresa atacadista credenciada conforme Decreto 299112014 e Termo de acordo 1231502017 Por favor, atualizacoes de boletos somente nos enderecos indicados no boleto da empresa; fantasia: NUTRIL REFEICOES  cod cob: BNF rca: 132  KATIANE KELLY DOS SANTOS  99|
|0460|1070|Empresa atacadista credenciada conforme Decreto 299112014 e Termo de acordo 1231502017 Por favor, atualizacoes de boletos somente nos enderecos indicados no boleto da empresa; fantasia: NUTRIL REFEICOES  cod cob: 001 rca: 132  KATIANE KELLY DOS SANTOS  99|
|0460|1071|WMS Secao 2 Obj 33 CG 2426333 VE 2106543 PEDTAB 2878178956 R 0000 PLA 25 21 BOL 0,% CLI 4312085733  Tributos Aprox R 22418 3145% Fonte IBPT cdpartorig 2085733,|
|0460|1072|Referente NF de Consignacao No 059364|
|0460|1073|MENSAGEM: Val Aprox dos Tributos Federais R$ 000 e Estaduais R$ 000000 % Fonte IBPTRUA BAHIA 001584 SIQUEIRA CAMPOS ARACAJU \PED: 0684\ ROM: 037\ VEND: 110\ ***** VALOR A RECEBER: R$ 73920 *****\ VENCIMENTO : 14122018\ CONDPAG: 14 DIAS\ CLIENTE: 00200282\|
|0460|1074|Representante:  Nro do Checkout: 30 Voce pagou aproximadamente: R$ 75,85 tributos federais R$ 72,26 tributos estaduais R$ 427,35 pelos produtosservicos Fonte: IBPTFECOMERCIO SE D529CB|
|0460|1075|Tributos Totais Incidentes Lei Federal 12741 2012: R$ 528,69 FONTE: IBPT Pedido: 104065 HUSEProduto cod 30597 Lote: 100754693; Qtde: 48000 referente a nota de Consignacao Nr 060433|
|0460|1076|Voce pagou aproximadamente:;R$ 800,23 de tributos federais;R$ 1083,85 de tributos estaduais;R$ 5179,02 pelos produtosservicos;Fonte: IBPTempresometroco 182C D529CB;DOCUMENTO EMITIDO POR EPP OPTANTE PELO SIMPLES NACIONAL, CONF LC 12306 NAO GERA DIREITO A C|
|0460|1077|NUTRIL SEDE Vlr Aprox Tributos R$ 0 0% Fonte IBPT|
|0460|1078|N° do Pedido do PALM:1 Cód do Vendedor:0001501389 N° da Ordem Venda: 0195960362 N° Remessas: , 0111790376 N° Fatura: 5401031322 Doc Transporte: 0000477461 Parceiro: 0001105258 Cód do Cliente 0001048655 A razão social Cbl Alimentos SA passou para BETÂNIA L|
|0460|1079|N° do Pedido do PALM:22070693 Cód do Vendedor:0001501389 N° da Ordem Venda: 0195959641 Taxa de Boleto: R$ 2,60 N° Remessas: , 0111790373 N° Fatura: 5401031324 Doc Transporte: 0000477461 Parceiro: 0001105258 Cód do Cliente 0001048655 Condição de Pagamento:|
|0460|1080|Ped:ABBBVX Cliente: NUTRIL REFEICOES 01082902 VENDEDOR: 000672WESLEY 79 91980423 ASSIS VENDAS: KESIA SANTOS  CELULAR :79 91198030 ReclamacoesSugestoes: ouvidoria@asabrancaindbr TelevendasOuvidoriaFinanceiro: 0800 284 1570|
|0460|1081|ICMS ja pago via SubTrib  SAIDA PPJ VAREJ OU CONSUM FINAL CRED ALI IPI CONF 1  do Art 15 LEI 1309715  Op Tributavel base de calc = valor oper aliq diferenciada  Num Doc SAP: 0018156713  Tipo da Ordem: SD ZVEN  SFC   Fornecimento: 8015863234  Numero do Tra|
|0990|894|
|C001|0|
|C100|1|0|5b0d4cc9dd5d36210c5a574a|55|00|001|5716|28181107760809000160550010000057161100300003|01112018|01112018|10267,8|0|0|0|10267,8|9|0|0|0|0|0|0|0|0|0|0|0|0|
|C190|040|5949|0|10267,8|0|0|0|0|0|0||
|C195|722||
|C100|1|0|5b0d4cc9dd5d36210c5a5758|55|00|001|5717|28181107760809000160550010000057171069700006|05112018|05112018|35256|0|0|0|35256|9|0|0|0|35256|6346,08|0|0|0|0|0|0|0|
|C190|000|5102|18|35256|35256|6346,08|0|0|0|0||
|C195|723||
|C100|1|0|5b0d4cc9dd5d36210c5a594a|55|00|001|5718|28181107760809000160550010000057181922800008|05112018|05112018|29834,45|0|0|0|29834,45|9|0|0|0|29834,45|5370,2|0|0|0|0|0|0|0|
|C190|000|5102|18|29834,45|29834,45|5370,2|0|0|0|0||
|C195|724||
|C100|1|0|5b0d4cc9dd5d36210c5a5959|55|00|001|5719|28181107760809000160550010000057191443200008|05112018|05112018|333|0|0|0|333|9|0|0|0|333|59,94|0|0|0|0|0|0|0|
|C190|000|5102|18|333|333|59,94|0|0|0|0||
|C195|725||
|C100|1|0|5b717037dd5d362db0ec9606|55|00|001|5720|28181107760809000160550010000057201881500003|05112018|05112018|9750|1|0|0|9750|9|0|0|0|9750|1755|0|0|0|0|0|0|0|
|C190|000|5102|18|9750|9750|1755|0|0|0|0||
|C195|726||
|C100|1|0|5b0d4cc9dd5d36210c5a595a|55|00|001|5721|28181107760809000160550010000057211401600006|05112018|05112018|720|0|0|0|720|9|0|0|0|720|129,6|0|0|0|0|0|0|0|
|C190|000|5102|18|720|720|129,6|0|0|0|0||
|C195|727||
|C100|1|0|5b0d4cc9dd5d36210c5a5905|55|00|001|5722|28181107760809000160550010000057221047400000|05112018|05112018|308|0|0|0|308|9|0|0|0|308|36,96|0|0|0|0|0|0|0|
|C101|0|0|0|
|C190|000|6202|12|308|308|36,96|0|0|0|0||
|C195|728||
|C100|1|0|5b0d4cc9dd5d36210c5a5765|55|00|001|5723|28181107760809000160550010000057231134800003|06112018|06112018|13860|0|0|0|13860|9|0|0|0|13860|2494,8|0|0|0|0|0|0|0|
|C190|000|5102|18|13860|13860|2494,8|0|0|0|0||
|C195|729||
|C100|1|0|5b0d4cc9dd5d36210c5a5732|55|00|001|5724|28181107760809000160550010000057241950400008|06112018|06112018|29574|0|0|0|29574|9|0|0|0|29574|5323,32|0|0|0|0|0|0|0|
|C190|000|5102|18|29574|29574|5323,32|0|0|0|0||
|C195|730||
|C100|1|0|5b0d4cc9dd5d36210c5a5721|55|00|001|5725|28181107760809000160550010000057251059600000|06112018|06112018|42547,32|0|0|0|42547,32|9|0|0|0|42547,32|7658,53|0|0|0|0|0|0|0|
|C190|000|5102|18|42547,32|42547,32|7658,53|0|0|0|0||
|C195|731||
|C100|1|0|5b159dcfdd5d362dec479732|55|00|001|5726|28181107760809000160550010000057261575600008|06112018|06112018|10912,4|1|0|0|10912,4|9|0|0|0|10912,4|1964,23|0|0|0|0|0|0|0|
|C190|000|5102|18|10912,4|10912,4|1964,23|0|0|0|0||
|C195|732||
|C100|1|0|5b0d4cc9dd5d36210c5a574a|55|00|001|5727|28181107760809000160550010000057271163900001|06112018|06112018|8384,58|0|0|0|8384,58|9|0|0|0|0|0|0|0|0|0|0|0|0|
|C190|040|5949|0|8384,58|0|0|0|0|0|0||
|C195|733||
|C100|1|0|5b0d4cc9dd5d36210c5a574a|55|00|001|5728|28181107760809000160550010000057281690700006|06112018|06112018|31119,64|0|0|0|31119,64|9|0|0|0|0|0|0|0|0|0|0|0|0|
|C190|040|5949|0|31119,64|0|0|0|0|0|0||
|C195|734||
|C100|1|0|5b0d4cc9dd5d36210c5a57ae|55|00|001|5729|28181107760809000160550010000057291375600006|06112018|06112018|10810,8|1|0|0|10810,8|9|0|0|0|10810,8|1945,94|0|0|0|0|0|0|0|
|C190|000|5102|18|10810,8|10810,8|1945,94|0|0|0|0||
|C195|735||
|C100|1|0|5b0d4cc9dd5d36210c5a573f|55|00|001|5730|28181107760809000160550010000057301246800000|06112018|06112018|304276,92|0|0|0|304276,92|9|0|0|0|304276,92|54769,85|0|0|0|0|0|0|0|
|C190|000|5102|18|304276,92|304276,92|54769,85|0|0|0|0||
|C195|736||
|C100|1|0|5b0d4cc9dd5d36210c5a596e|55|00|001|5731|28181107760809000160550010000057311585100008|07112018|07112018|1386|0|0|0|1386|9|0|0|0|1386|249,48|0|0|0|0|0|0|0|
|C190|000|5102|18|1386|1386|249,48|0|0|0|0||
|C195|737||
|C100|1|0|5b0d4cc9dd5d36210c5a5749|55|00|001|5732|28181107760809000160550010000057321452400008|07112018|07112018|273306,46|0|0|0|273306,46|9|0|0|0|273306,46|49195,18|0|0|0|0|0|0|0|
|C190|000|5102|18|273306,46|273306,46|49195,18|0|0|0|0||
|C195|738||
|C100|1|0|5b0d4cc9dd5d36210c5a5728|55|00|001|5733|28181107760809000160550010000057331505600003|07112018|07112018|1449|0|0|0|1449|9|0|0|0|1449|260,82|0|0|0|0|0|0|0|
|C190|000|5102|18|1449|1449|260,82|0|0|0|0||
|C195|739||
|C100|1|0|5b0d4cc9dd5d36210c5a578a|55|00|001|5734|28181107760809000160550010000057341000700008|07112018|07112018|5775|0|0|0|5775|9|0|0|0|5775|1039,5|0|0|0|0|0|0|0|
|C190|000|5102|18|5775|5775|1039,5|0|0|0|0||
|C195|740||
|C100|1|0|5b0d4cc9dd5d36210c5a574a|55|00|001|5735|28181107760809000160550010000057351973500002|08112018|08112018|25661,3|0|0|0|25661,3|9|0|0|0|0|0|0|0|0|0|0|0|0|
|C190|040|5949|0|25661,3|0|0|0|0|0|0||
|C195|741||
|C100|1|0|5b0d4cc9dd5d36210c5a5749|55|00|001|5736|28181107760809000160550010000057361447600001|09112018|09112018|1690681,77|0|0|0|1690681,77|9|0|0|0|1690681,77|304322,79|0|0|0|0|0|0|0|
|C190|000|5102|18|1690681,77|1690681,77|304322,79|0|0|0|0||
|C195|742||
|C100|1|0|5b0d4cc9dd5d36210c5a574a|55|00|001|5738|28181107760809000160550010000057381832300009|09112018|09112018|6798,74|0|0|0|6798,74|9|0|0|0|0|0|0|0|0|0|0|0|0|
|C190|040|5949|0|6798,74|0|0|0|0|0|0||
|C195|743||
|C100|1|0|5b0d4cc9dd5d36210c5a5721|55|00|001|5737|28181107760809000160550010000057371329800008|09112018|09112018|65111,94|0|0|0|65111,94|9|0|0|0|65111,94|11720,15|0|0|0|0|0|0|0|
|C190|000|5102|18|65111,94|65111,94|11720,15|0|0|0|0||
|C195|744||
|C100|1|0|5b0d4cc9dd5d36210c5a579f|55|00|001|5739|28181107760809000160550010000057391908600005|12112018|12112018|7106,43|1|0|0|7106,43|9|0|0|0|7106,43|1279,16|0|0|0|0|0|0|0|
|C190|000|5102|18|7106,43|7106,43|1279,16|0|0|0|0||
|C195|737||
|C100|1|0|5b0d4cc9dd5d36210c5a574a|55|00|001|5740|28181107760809000160550010000057401388300003|12112018|12112018|5728,14|0|0|0|5728,14|9|0|0|0|0|0|0|0|0|0|0|0|0|
|C190|040|5949|0|5728,14|0|0|0|0|0|0||
|C195|745||
|C100|1|0|5b0d4cc9dd5d36210c5a574a|55|00|001|5741|28181107760809000160550010000057411087300001|12112018|12112018|7705,15|0|0|0|7705,15|9|0|0|0|0|0|0|0|0|0|0|0|0|
|C190|040|5949|0|7705,15|0|0|0|0|0|0||
|C195|746||
|C100|1|0|5b0d4cc9dd5d36210c5a574a|55|00|001|5742|28181107760809000160550010000057421031300003|13112018|13112018|34503,38|0|0|0|34503,38|9|0|0|0|0|0|0|0|0|0|0|0|0|
|C190|040|5949|0|34503,38|0|0|0|0|0|0||
|C195|747||
|C100|1|0|5b0d4cc9dd5d36210c5a5721|55|00|001|5743|28181107760809000160550010000057431042000003|13112018|13112018|105004,02|0|0|0|105004,02|9|0|0|0|105004,02|18900,72|0|0|0|0|0|0|0|
|C190|000|5102|18|105004,02|105004,02|18900,72|0|0|0|0||
|C195|748||
|C100|1|0|5b0d4cc9dd5d36210c5a574a|55|00|001|5744|28181107760809000160550010000057441682200001|14112018|14112018|25490,93|0|0|0|25490,93|9|0|0|0|0|0|0|0|0|0|0|0|0|
|C190|040|5949|0|25490,93|0|0|0|0|0|0||
|C195|749||
|C100|1|0|5b0d4cc9dd5d36210c5a574a|55|00|001|5745|28181107760809000160550010000057451346100002|16112018|16112018|5779,4|0|0|0|5779,4|9|0|0|0|0|0|0|0|0|0|0|0|0|
|C190|040|5949|0|5779,4|0|0|0|0|0|0||
|C195|750||
|C100|1|0|5b0d4cc9dd5d36210c5a574a|55|00|001|5747|28181107760809000160550010000057471799400002|16112018|16112018|6156,16|1|0|0|6156,16|9|0|0|0|0|0|0|0|0|0|0|0|0|
|C190|040|5949|0|6156,16|0|0|0|0|0|0||
|C100|1|0|5b0d4cc9dd5d36210c5a596e|55|00|001|5746|28181107760809000160550010000057461283100008|19112018|19112018|800|0|0|0|800|9|0|0|0|800|144|0|0|0|0|0|0|0|
|C190|000|5102|18|800|800|144|0|0|0|0||
|C195|751||
|C100|1|0||55|02|001|5748|28181107760809000160550010000057481152700006|||||||||||||||||||||
|C100|1|0|5b0d4cc9dd5d36210c5a574a|55|00|001|5749|28181107760809000160550010000057491403900008|19112018|19112018|6980,62|0|0|0|6980,62|9|0|0|0|0|0|0|0|0|0|0|0|0|
|C190|040|5949|0|6980,62|0|0|0|0|0|0||
|C195|752||
|C100|1|0|5b0d4cc9dd5d36210c5a574a|55|00|001|5750|28181107760809000160550010000057501417500008|19112018|19112018|8732,67|0|0|0|8732,67|9|0|0|0|0|0|0|0|0|0|0|0|0|
|C190|040|5949|0|8732,67|0|0|0|0|0|0||
|C195|753||
|C100|1|0|5b0d4cc9dd5d36210c5a579f|55|00|001|5751|28181107760809000160550010000057511906800001|20112018|20112018|120|1|0|0|120|9|0|0|0|120|21,6|0|0|0|0|0|0|0|
|C190|000|5102|18|120|120|21,6|0|0|0|0||
|C195|754||
|C100|1|0|5b0d4cc9dd5d36210c5a574a|55|00|001|5752|28181107760809000160550010000057521861100003|21112018|21112018|33389,35|0|0|0|33389,35|9|0|0|0|0|0|0|0|0|0|0|0|0|
|C190|040|5949|0|33389,35|0|0|0|0|0|0||
|C195|755||
|C100|1|0|5b0d4cc9dd5d36210c5a574a|55|00|001|5753|28181107760809000160550010000057531627500006|21112018|21112018|25586,84|0|0|0|25586,84|9|0|0|0|0|0|0|0|0|0|0|0|0|
|C190|040|5949|0|25586,84|0|0|0|0|0|0||
|C195|756||
|C100|1|0|5b0d4cc9dd5d36210c5a5728|55|00|001|5754|28181107760809000160550010000057541461000006|23112018|23112018|9177|0|0|0|9177|9|0|0|0|9177|1651,85|0|0|0|0|0|0|0|
|C190|000|5102|18|9177|9177|1651,85|0|0|0|0||
|C195|757||
|C100|1|0|5b0d4cc9dd5d36210c5a5728|55|00|001|5755|28181107760809000160550010000057551798800009|23112018|23112018|591,5|0|0|0|591,5|9|0|0|0|591,5|106,47|0|0|0|0|0|0|0|
|C190|000|5102|18|591,5|591,5|106,47|0|0|0|0||
|C195|758||
|C100|1|0|5b0d4cc9dd5d36210c5a574a|55|00|001|5756|28181107760809000160550010000057561010900007|26112018|26112018|7990,93|0|0|0|7990,93|9|0|0|0|0|0|0|0|0|0|0|0|0|
|C190|040|5949|0|7990,93|0|0|0|0|0|0||
|C195|759||
|C100|1|0|5b0d4cc9dd5d36210c5a574a|55|00|001|5758|28181107760809000160550010000057581421900005|26112018|26112018|32787,89|0|0|0|32787,89|9|0|0|0|0|0|0|0|0|0|0|0|0|
|C190|040|5949|0|32787,89|0|0|0|0|0|0||
|C195|760||
|C100|1|0||55|02|001|5757|28181107760809000160550010000057571696200007|||||||||||||||||||||
|C100|1|0|5b0d4cc9dd5d36210c5a593a|55|00|001|5759|28181107760809000160550010000057591890400002|27112018|27112018|18503,12|1|0|0|18503,12|9|0|0|0|18503,12|3330,56|0|0|0|0|0|0|0|
|C190|000|5102|18|18503,12|18503,12|3330,56|0|0|0|0||
|C195|761||
|C100|1|0||55|02|001|5760|28181107760809000160550010000057601083500001|||||||||||||||||||||
|C100|1|0|5b0d4cc9dd5d36210c5a5732|55|00|001|5761|28181107760809000160550010000057611508200000|27112018|27112018|25541,9|1|0|0|25541,9|9|0|0|0|25541,9|4597,54|0|0|0|0|0|0|0|
|C190|000|5102|18|25541,9|25541,9|4597,54|0|0|0|0||
|C195|762||
|C100|1|0|5b0d4cc9dd5d36210c5a576f|55|00|001|5762|28181107760809000160550010000057621710300000|28112018|28112018|9788,69|1|0|0|9788,69|9|0|0|0|9788,69|1761,96|0|0|0|0|0|0|0|
|C190|000|5102|18|9788,69|9788,69|1761,96|0|0|0|0||
|C195|763||
|C100|1|0|5b23b5bbdd5d362128c38a93|55|00|001|5763|28181107760809000160550010000057631703800008|29112018|29112018|90|0|0|0|90|9|0|0|0|0|0|0|0|0|0|0|0|0|
|C101|0|0|0|
|C190|041|6102|0|90|0|0|0|0|0|0||
|C195|764||
|C100|1|0|5b0d4cc9dd5d36210c5a574a|55|00|001|5764|28181107760809000160550010000057641135700005|29112018|29112018|25771,3|0|0|0|25771,3|9|0|0|0|0|0|0|0|0|0|0|0|0|
|C190|040|5949|0|25771,3|0|0|0|0|0|0||
|C195|765||
|C100|1|0|5b0d4cc9dd5d36210c5a577d|55|00|001|5765|28181107760809000160550010000057651304100007|30112018|30112018|12978|0|0|0|12978|9|0|0|0|12978|2336,04|0|0|0|0|0|0|0|
|C190|000|5102|18|12978|12978|2336,04|0|0|0|0||
|C195|766||
|C100|1|0|5b0d4cc9dd5d36210c5a574a|55|00|001|5766|28181107760809000160550010000057661426400002|30112018|30112018|10206,16|0|0|0|10206,16|9|0|0|0|0|0|0|0|0|0|0|0|0|
|C190|040|5949|0|10206,16|0|0|0|0|0|0||
|C195|767||
|C100|0|1|5b0d4cc9dd5d36210c5a57c2|55|00|001|23208|28181107505422000168550010000232081000232082|01112018|01112018|69|0|0|0|69|9|0|0|0|69|12,42|0|0|0|0|0|0|0|
|C170|1|1691|POLPA DE UMBU 1KG POMAR|20|UN|69|0|0|000|1102|10|69|18|12,42|0|0|0|||||||70||||||70|||||||
|C190|000|1102|18|69|69|12,42|0|0|0|0||
|C195|768||
|C100|0|1|5b0d4cc9dd5d36210c5a58d2|55|00|001|7826|28181101484373000148550010000078261000078263|01112018|01112018|824,75|1|0|0|824,75|0|0|0|0|0|0|0|0|0|0|0|0|0|
|C170|1|11906|LIVRO DE PROTOCOLO CORRESPONDENCIA 104F SAO DOMINGOS|20|UN|150|0|0|102|1126|10|0|0|0|0|0|0|||||||98|0|0||0|0|98|0|0||0|0||
|C170|2|12343|CLIPS 40 BRW CX C50 UND|20|UN|40|0|0|102|1102|10|0|0|0|0|0|0|||||||70||||||70|||||||
|C170|3|11623|GRAMPO 26X6 AO C5000 BRW|20|UN|110|0|0|102|1102|10|0|0|0|0|0|0|||||||70||||||70|||||||
|C170|4|12194|ESTILETE LARGO 29BP CIS SERTIC|10|UN|25|0|0|102|1102|10|0|0|0|0|0|0|||||||70||||||70|||||||
|C170|5|12344|PRANCHETA ACRILICA|1|UN|12|0|0|102|1102|10|0|0|0|0|0|0|||||||70||||||70|||||||
|C170|6|12345|PASTA L A4 CRISTAL CLASSE|100|UN|100|0|0|102|1102|10|0|0|0|0|0|0|||||||70||||||70|||||||
|C170|7|12346|COLA BASTAO 21G LEONORA|120|UN|180|0|0|102|1102|10|0|0|0|0|0|0|||||||70||||||70|||||||
|C170|8|12347|ENVSACO BROF34 240X340 90GSCRITY|100|UN|35|0|0|102|1102|10|0|0|0|0|0|0|||||||70||||||70|||||||
|C170|9|12348|ENVSACO BROF36 260X360 90GSCRITY|50|UN|20|0|0|102|1102|10|0|0|0|0|0|0|||||||70||||||70|||||||
|C170|10|12349|GRAMPO TRILHO PLASTICO C 50 BACCHI|5|UN|52,75|0|0|102|1102|10|0|0|0|0|0|0|||||||70||||||70|||||||
|C170|11|12350|GRAMPO TRILHO PLSTICO ESTENDIDO IARA|5|UN|100|0|0|102|1102|10|0|0|0|0|0|0|||||||70||||||70|||||||
|C190|102|1126|0|150|0|0|0|0|0|0||
|C190|102|1102|0|674,75|0|0|0|0|0|0||
|C195|769||
|C100|0|1|5b0d4cc9dd5d36210c5a573c|55|00|001|349880|28181103624188000137550010003498801111001114|01112018|01112018|1592,11|0|0|0|1592,11|0|0|0|0|1592,11|286,58|0|0|0|0|0|0|0|
|C170|1|3942|FLOCAO  ARROZ CORINGA 500G|150|UN|283,58|0|0|000|1102|10|283,58|18|51,04|0|0|0|||||||70||||||70|||||||
|C170|2|10483|CHA MACACRAVOCANELA MARATA C10UN|72|UN|155,02|0|0|000|1102|10|155,02|18|27,9|0|0|0|||||||70||||||70|||||||
|C170|3|2753|CHA DE CAMOMILA MARATA C10UN|72|UN|124,55|0|0|000|1102|10|124,55|18|22,42|0|0|0|||||||70||||||70|||||||
|C170|4|2099|CHA DE ERVA DOCE MARATA C10|72|CX|124,55|0|0|000|1102|10|124,55|18|22,42|0|0|0|||||||70||||||70|||||||
|C170|5|1581|CHA DE CIDREIRA MARATA C10UND|72|CX|124,55|0|0|000|1102|10|124,55|18|22,42|0|0|0|||||||70||||||70|||||||
|C170|6|10725|CATCHUP TAMBAU 830 GR|24|UN|84,55|0|0|500|1126|10|84,55|18|15,22|0|0|0|||||||70||||||70|||||||
|C170|7|10400|MASCARA TALGE TNT DUPLA CELASTC100UN|16|PC|146,44|0|0|200|1102|10|146,44|18|26,36|0|0|0|||||||70||||||70|||||||
|C170|8|12351|MASCARA DESCCELASTDUPLO C100UN NOBRE|23|PC|221,2|0|0|000|1102|10|221,2|18|39,82|0|0|0|||||||70||||||70|||||||
|C170|9|12352|CANUDO SACHE 5MM STRAW VEMC100|30|PC|42,63|0|0|000|1102|10|42,63|18|7,67|0|0|0|||||||70||||||70|||||||
|C170|10|12353|DESINFANTISTUPALCOOL LIQ70 INPM 1000|60|UN|285,04|0|0|000|1102|10|285,04|18|51,31|0|0|0|||||||70||||||70|||||||
|C190|000|1102|18|1361,12|1361,12|245|0|0|0|0||
|C190|500|1126|18|84,55|84,55|15,22|0|0|0|0||
|C190|200|1102|18|146,44|146,44|26,36|0|0|0|0||
|C195|770||
|C100|0|1|5b0d4cc9dd5d36210c5a5944|55|00|001|803|28181128409002000158550010000008031315434000|01112018|01112018|1238|1|0|0|1238|9|0|0|0|0|0|0|0|0|0|0|0|0|
|C170|1|10803|SUMA D27 BB 5L|5|UN|260|0|0|102|1102|10|0|0|0|0|0|0|||||||70||||||70|||||||
|C170|2|10959|VIREX DETERGENTE BB 5L|4|UN|292|0|0|102|1102|10|0|0|0|0|0|0|||||||70||||||70|||||||
|C170|3|10822|SUMAVEG  BD 2KG DESINFETANTE FLV EM PO|3|UN|222|0|0|102|1102|10|0|0|0|0|0|0|||||||70||||||70|||||||
|C170|4|10868|LIMPA ALUMINIO MMV|2|UN|280|0|0|102|1102|10|0|0|0|0|0|0|||||||70||||||70|||||||
|C170|5|10820|SUMA GRILL D9 BB 5L DET DESINCRUSTANTE|2|UN|184|0|0|102|1102|10|0|0|0|0|0|0|||||||70||||||70|||||||
|C190|102|1102|0|1238|0|0|0|0|0|0||
|C195|771||
|C100|0|1|5b0d4cc9dd5d36210c5a579c|55|00|001|8858|28181118656923000323550010000088581000010078|01112018|01112018|4273|1|0|0|4273|0|0|0|0|4273|769,14|0|0|0|0|0|0|0|
|C170|1|11028|BIOFRASCONUTRI ENTERAL 300ML No Lote: L167497Data: 20221116|900|UN|693|0|0|000|1102|10|693|18|124,74|0|0|0|||||||70||||||70|||||||
|C170|2|11021|EQL E NS Y NO LUER LF 2001  REF: 10008228 No Lote: EQP1778453Data: 20220930|200|UN|3000|0|0|000|1102|10|3000|18|540|0|0|0|||||||70||||||70|||||||
|C170|3|10708|BIOEQUIPO C FILTRO AR No Lote: BWC1010616Data: 20180930|400|UN|580|0|0|100|1102|10|580|18|104,4|0|0|0|||||||70||||||70|||||||
|C190|000|1102|18|3693|3693|664,74|0|0|0|0||
|C190|100|1102|18|580|580|104,4|0|0|0|0||
|C195|772||
|C100|0|1|5b0d4cc9dd5d36210c5a579c|55|00|001|8859|28181118656923000323550010000088591000010075|01112018|01112018|10063,37|1|0|0|10063,37|0|0|0|0|0|0|0|0|0|0|0|0|0|
|C170|1|7500|PEPTAMEN HN SF 500ML  REF: 12183044 No|36|UN|2448|0|0|241|1102|10|0|0|0|0|0|0|||||||70||||||70|||||||
|C170|2|7501|NOVASOURCE GC 15 SF 1000ML  REF: 12234|35|UN|2677,5|0|0|541|1102|10|0|0|0|0|0|0|||||||70||||||70|||||||
|C170|3|9617|IMPACT PEPTIDE 15 SF 1000ML  REF: 1230|12|UN|1078,8|0|0|241|1102|10|0|0|0|0|0|0|||||||70||||||70|||||||
|C170|4|11385|NUTREN SENIOR 200ML BAUNILHA  REF: 12166595|48|UN|316,8|0|0|241|1102|10|0|0|0|0|0|0|||||||70||||||70|||||||
|C170|5|7012|NUTREN 20 200ML VITAMINA DE FRUTAS  RE|27|UN|247,05|0|0|541|1102|10|0|0|0|0|0|0|||||||70||||||70|||||||
|C170|6|8014|NUTREN SENIOR 370GR  REF: 12217612 No|3|UN|139,65|0|0|541|1102|10|0|0|0|0|0|0|||||||70||||||70|||||||
|C170|7|9482|GLUTAMAX CX 20 SACHES 5GR|2|UN|81,6|0|0|041|1102|10|0|0|0|0|0|0|||||||70||||||70|||||||
|C170|8|8789|SIMFORT CX 30 SACHES 2GR|2|UN|210,32|0|0|041|1102|10|0|0|0|0|0|0|||||||70||||||70|||||||
|C170|9|9565|RESOURCE THICKEN UP CLEAR 125GR  REF:|12|UN|823,68|0|0|241|1102|10|0|0|0|0|0|0|||||||70||||||70|||||||
|C170|10|8011|PEPTAMEN JUNIOR 400GR  REF: 12191037 N|12|UN|2012,4|0|0|241|1102|10|0|0|0|0|0|0|||||||70||||||70|||||||
|C170|11|7525|NESTOGENO 1 400GR  REF: 12182305 No L|3|UN|27,57|0|0|541|1102|10|0|0|0|0|0|0|||||||70||||||70|||||||
|C190|241|1102|0|6679,68|0|0|0|0|0|0||
|C190|541|1102|0|3091,77|0|0|0|0|0|0||
|C190|041|1102|0|291,92|0|0|0|0|0|0||
|C195|773||
|C100|0|1|5b0d4cc9dd5d36210c5a57bd|55|00|001|60573|28181105893097000122550010000605731698762557|01112018|01112018|480|1|0|0|480|1|0|0|0|480|86,4|0|0|0|0|0|0|0|
|C170|1|5887|NEOCATE LCP UPGRADE LT400G|3|UN|480|0|0|200|1102|10|480|18|86,4|0|0|0|||||||70||||||70|||||||
|C190|200|1102|18|480|480|86,4|0|0|0|0||
|C195|774||
|C100|0|1|5b0d4cc9dd5d36210c5a579c|55|00|001|8860|28181118656923000323550010000088601000010076|01112018|01112018|10063,37|0|0|0|10063,37|0|0|0|0|10063,37|1811,4|0|0|0|0|0|0|0|
|C170|1|7500|PEPTAMEN HN SF 500ML  REF: 12183044 No|36|UN|2448|0|0|200|1102|10|2448|18|440,64|0|0|0|||||||70||||||70|||||||
|C170|2|7501|NOVASOURCE GC 15 SF 1000ML  REF: 12234|35|UN|2677,5|0|0|500|1102|10|2677,5|18|481,95|0|0|0|||||||70||||||70|||||||
|C170|3|9617|IMPACT PEPTIDE 15 SF 1000ML  REF: 1230|12|UN|1078,8|0|0|200|1102|10|1078,8|18|194,18|0|0|0|||||||70||||||70|||||||
|C170|4|11385|NUTREN SENIOR 200ML BAUNILHA  REF: 12166595|48|UN|316,8|0|0|200|1102|10|316,8|18|57,02|0|0|0|||||||70||||||70|||||||
|C170|5|7012|NUTREN 20 200ML VITAMINA DE FRUTAS  RE|27|UN|247,05|0|0|500|1102|10|247,05|18|44,47|0|0|0|||||||70||||||70|||||||
|C170|6|8014|NUTREN SENIOR 370GR  REF: 12217612 No|3|UN|139,65|0|0|500|1102|10|139,65|18|25,14|0|0|0|||||||70||||||70|||||||
|C170|7|9482|GLUTAMAX CX 20 SACHES 5GR|2|UN|81,6|0|0|000|1102|10|81,6|18|14,69|0|0|0|||||||70||||||70|||||||
|C170|8|8789|SIMFORT CX 30 SACHES 2GR|2|UN|210,32|0|0|000|1102|10|210,32|18|37,86|0|0|0|||||||70||||||70|||||||
|C170|9|9565|RESOURCE THICKEN UP CLEAR 125GR  REF:|12|UN|823,68|0|0|200|1102|10|823,68|18|148,26|0|0|0|||||||70||||||70|||||||
|C170|10|8011|PEPTAMEN JUNIOR 400GR  REF: 12191037 N|12|UN|2012,4|0|0|200|1102|10|2012,4|18|362,23|0|0|0|||||||70||||||70|||||||
|C170|11|7525|NESTOGENO 1 400GR  REF: 12182305 No L|3|UN|27,57|0|0|500|1102|10|27,57|18|4,96|0|0|0|||||||70||||||70|||||||
|C190|200|1102|18|6679,68|6679,68|1202,33|0|0|0|0||
|C190|500|1102|18|3091,77|3091,77|556,52|0|0|0|0||
|C190|000|1102|18|291,92|291,92|52,55|0|0|0|0||
|C195|775||
|C100|0|1|5b0d4cc9dd5d36210c5a596a|55|00|001|666|28181129855950000180550010000006661979696828|01112018|01112018|426,6|0|0|0|426,6|0|0|0|0|0|0|0|0|0|0|0|0|0|
|C170|1|11855|HDMAX 200 ML|27|PC|426,6|0|0|900|1102|10|0|0|0|0|0|0|||||||98|0|0||0|0|98|0|0||0|0||
|C190|900|1102|0|426,6|0|0|0|0|0|0||
|C195|776||
|C100|0|1|5b0d4cc9dd5d36210c5a596a|55|00|001|667|28181129855950000180550010000006671035976435|01112018|01112018|426,6|1|0|0|426,6|0|0|0|0|0|0|0|0|0|0|0|0|0|
|C170|1|11855|HDMAX 200 ML|27|PC|426,6|0|0|102|1102|10|0|0|0|0|0|0|||||||98|0|0||0|0|98|0|0||0|0||
|C190|102|1102|0|426,6|0|0|0|0|0|0||
|C195|777||
|C100|0|1|5b0d4cc9dd5d36210c5a596a|55|00|001|668|28181129855950000180550010000006681389752244|01112018|01112018|7596,12|0|0|0|7596,12|0|0|0|0|0|0|0|0|0|0|0|0|0|
|C170|1|11586|FRESUBIN HEPA EB 500 ML|15|PC|577,95|0|0|900|1102|10|0|0|0|0|0|0|||||||70||||||70|||||||
|C170|2|11588|FRESUBIN HP ENERGY 1000 ML EB|80|PC|2160|0|0|900|1102|10|0|0|0|0|0|0|||||||70||||||70|||||||
|C170|3|11666|FRESUBIN ORIGINAL FSMP 1000 ML L EB IN|8|PC|227,52|0|0|900|1102|10|0|0|0|0|0|0|||||||70||||||70|||||||
|C170|4|11891|FRESUBIN LIPID EB 500 ML|30|PC|1060,8|0|0|900|1102|10|0|0|0|0|0|0|||||||98|0|0||0|0|98|0|0||0|0||
|C170|5|11587|FREBINI ORIGINAL FIBRE 500ML|30|PC|1016,7|0|0|900|1102|10|0|0|0|0|0|0|||||||70||||||70|||||||
|C170|6|11582|FREBINI ENERGY  500 ML|15|PC|494,1|0|0|900|1102|10|0|0|0|0|0|0|||||||70||||||70|||||||
|C170|7|11583|FRESUBIN PROTEIN POWDER|3|PT|216|0|0|900|1102|10|0|0|0|0|0|0|||||||70||||||70|||||||
|C170|8|11589|FREBINI ORIGINAL  500 ML|15|PC|508,35|0|0|900|1102|10|0|0|0|0|0|0|||||||70||||||70|||||||
|C170|9|12014|FRESUBIN 5KCAL SHOT DRINK CREME 120ML|3|CX|78|0|0|900|1102|10|0|0|0|0|0|0|||||||70||||||70|||||||
|C170|10|11641|FRESUBIN 2KCAL HP FIBRE 500ML|30|BL|1256,7|0|0|900|1102|10|0|0|0|0|0|0|||||||70||||||70|||||||
|C190|900|1102|0|7596,12|0|0|0|0|0|0||
|C195|778||
|C100|0|1|5b0d4cc9dd5d36210c5a596a|55|00|001|669|28181129855950000180550010000006691590794177|01112018|01112018|7596,12|1|0|0|7596,12|0|0|0|0|0|0|0|0|0|0|0|0|0|
|C170|1|11586|FRESUBIN HEPA EB 500 ML|15|PC|577,95|0|0|102|1102|10|0|0|0|0|0|0|||||||70||||||70|||||||
|C170|2|11588|FRESUBIN HP ENERGY 1000 ML EB|80|PC|2160|0|0|102|1102|10|0|0|0|0|0|0|||||||70||||||70|||||||
|C170|3|11666|FRESUBIN ORIGINAL FSMP 1000 ML L EB IN|8|PC|227,52|0|0|102|1102|10|0|0|0|0|0|0|||||||70||||||70|||||||
|C170|4|11891|FRESUBIN LIPID EB 500 ML|30|PC|1060,8|0|0|102|1102|10|0|0|0|0|0|0|||||||98|0|0||0|0|98|0|0||0|0||
|C170|5|11587|FREBINI ORIGINAL FIBRE 500ML|30|PC|1016,7|0|0|102|1102|10|0|0|0|0|0|0|||||||70||||||70|||||||
|C170|6|11582|FREBINI ENERGY  500 ML|15|PC|494,1|0|0|102|1102|10|0|0|0|0|0|0|||||||70||||||70|||||||
|C170|7|11583|FRESUBIN PROTEIN POWDER|3|PT|216|0|0|102|1102|10|0|0|0|0|0|0|||||||70||||||70|||||||
|C170|8|11589|FREBINI ORIGINAL  500 ML|15|PC|508,35|0|0|102|1102|10|0|0|0|0|0|0|||||||70||||||70|||||||
|C170|9|12014|FRESUBIN 5KCAL SHOT DRINK CREME 120ML|3|CX|78|0|0|102|1102|10|0|0|0|0|0|0|||||||70||||||70|||||||
|C170|10|11641|FRESUBIN 2KCAL HP FIBRE 500ML|30|BL|1256,7|0|0|102|1102|10|0|0|0|0|0|0|||||||70||||||70|||||||
|C190|102|1102|0|7596,12|0|0|0|0|0|0||
|C195|779||
|C100|0|1|5b0d4cc9dd5d36210c5a596a|55|00|001|670|28181129855950000180550010000006701392872180|01112018|01112018|5716,28|1|0|0|5716,28|0|0|0|0|0|0|0|0|0|0|0|0|0|
|C170|1|11580|FRESUBIN PROTEIN ENERGY DRINK  VANILA|24|PC|209,04|0|0|102|1102|10|0|0|0|0|0|0|||||||70||||||70|||||||
|C170|2|11581|FRESUBIN PROTEIN ENERGY DRINK  CHOCOLAT|24|PC|209,04|0|0|102|1102|10|0|0|0|0|0|0|||||||70||||||70|||||||
|C170|3|11601|FRESUBIN PROTEIN ENERGY DRINK CAPUCCINO|24|PC|209,04|0|0|102|1102|10|0|0|0|0|0|0|||||||70||||||70|||||||
|C170|4|11891|FRESUBIN LIPID EB 500 ML|49|PC|1732,64|0|0|102|1102|10|0|0|0|0|0|0|||||||98|0|0||0|0|98|0|0||0|0||
|C170|5|11583|FRESUBIN PROTEIN POWDER|3|PT|216|0|0|102|1102|10|0|0|0|0|0|0|||||||70||||||70|||||||
|C170|6|11584|FRESUBIN 2KCAL HP|60|PC|2513,4|0|0|102|1102|10|0|0|0|0|0|0|||||||70||||||70|||||||
|C170|7|11585|FRESUBIN PROTEIN ENERGY DRINK  FR VERME|24|PC|209,04|0|0|102|1102|10|0|0|0|0|0|0|||||||70||||||70|||||||
|C170|8|11709|FRESUBIN PROTEIN ENERGY DRINK ABACAXI|24|PC|209,04|0|0|102|1102|10|0|0|0|0|0|0|||||||70||||||70|||||||
|C170|9|11715|FRESUBIN PROTEIN ENERGY DRINK AVELA|24|PC|209,04|0|0|102|1102|10|0|0|0|0|0|0|||||||70||||||70|||||||
|C190|102|1102|0|5716,28|0|0|0|0|0|0||
|C195|780||
|C100|0|1|5b0d4cc9dd5d36210c5a57b9|55|00|001|43746|28181107925203000138550010000437461077815630|01112018|01112018|420|0|0|0|420|0|0|0|0|0|0|0|0|0|0|0|0|0|
|C170|1|7548|GLUTAMAX 10 GR|60|UN|240|0|0|900|1102|10|0|0|0|0|0|0|||||||70||||||70|||||||
|C170|2|7938|SIMFORT 2G  30 SACHES|2|CX|180|0|0|900|1102|10|0|0|0|0|0|0|||||||70||||||70|||||||
|C190|900|1102|0|420|0|0|0|0|0|0||
|C195|781||
|C100|0|1|5b0d4cc9dd5d36210c5a57b9|55|00|001|43747|28181107925203000138550010000437471659959098|01112018|01112018|420|1|0|0|420|0|0|0|0|0|0|0|0|0|0|0|0|0|
|C170|1|7548|GLUTAMAX 10 GR|60|UN|240|0|0|102|1102|10|0|0|0|0|0|0|||||||70||||||70|||||||
|C170|2|7938|SIMFORT 2G  30 SACHES|2|CX|180|0|0|102|1102|10|0|0|0|0|0|0|||||||70||||||70|||||||
|C190|102|1102|0|420|0|0|0|0|0|0||
|C195|782||
|C100|0|1|5b0d4cc9dd5d36210c5a596a|55|00|001|673|28181129855950000180550010000006731173868929|01112018|01112018|692,55|1|0|0|692,55|0|0|0|0|0|0|0|0|0|0|0|0|0|
|C170|1|11892|BIOFRASCO NUTRI 100 ML|729|UN|692,55|0|0|102|1102|10|0|0|0|0|0|0|||||||98|0|0||0|0|98|0|0||0|0||
|C190|102|1102|0|692,55|0|0|0|0|0|0||
|C195|783||
|C100|0|1|5b0d4cc9dd5d36210c5a5967|55|00|001|2551|35181125259600000108550010000025511000025516|01112018|01112018|7680|2|0|0|7680|0|0|0|0|0|0|0|0|0|0|0|0|0|
|C170|1|11513|AMINOMED lata c  400 gramas|48|PC|7680|0|0|103|1126|10|0|0|0|0|0|0|||||||70||||||70|||||||
|C190|103|1126|0|7680|0|0|0|0|0|0||
|C195|784||
|C100|0|1|5b0d4cc9dd5d36210c5a5793|55|00|001|134479|28181132838716000159550010001344791303311791|01112018|01112018|11313,6|0|0|0|11313,6|0|0|0|0|11313,6|2036,45|0|0|0|0|0|0|0|
|C170|1|10761|GLUCERNA 1,5 RTH 1000ML LT|140|LT|10886,4|0|0|200|1102|10|10886,4|18|1959,55|0|0|0|||||||70||||||70|||||||
|C170|2|7449|GLUCERNA RPB BAUNILHA 200ML PACK UND|10|UN|89|0|0|200|1102|10|89|18|16,02|0|0|0|||||||70||||||70|||||||
|C170|3|7449|GLUCERNA RPB BAUNILHA 200ML PACK UND|38|UN|338,2|0|0|200|1102|10|338,2|18|60,88|0|0|0|||||||70||||||70|||||||
|C190|200|1102|18|11313,6|11313,6|2036,45|0|0|0|0||
|C195|785||
|C100|0|1|5b0d4cc9dd5d36210c5a5793|55|00|001|134485|28181132838716000159550010001344851382012854|01112018|01112018|382,5|1|0|0|382,5|0|0|0|0|0|0|0|0|0|0|0|0|0|
|C170|1|12087|SERINGA DESC SR 20ML SAG LS UND|750|CX|382,5|0|0|060|1102|10|0|0|0|0|0|0|||||||70||||||70|||||||
|C190|060|1102|0|382,5|0|0|0|0|0|0||
|C195|786||
|C100|0|1|5b0d4cc9dd5d36210c5a596b|55|00|001|935|28181110248312000253550010000009351422223629|01112018|01112018|480|1|0|0|480|0|0|0|0|0|0|0|0|0|0|0|0|0|
|C170|1|11603|ESPONJA FIBRACO P 3M|300|UN|480|0|0|102|1102|10|0|0|0|0|0|0|||||||70||||||70|||||||
|C190|102|1102|0|480|0|0|0|0|0|0||
|C195|787||
|C100|0|1|5b0d4cc9dd5d36210c5a5793|55|00|001|134488|28181132838716000159550010001344881524813888|01112018|01112018|121,6|0|0|0|121,6|0|0|0|0|121,6|21,88|0|0|0|0|0|0|0|
|C170|1|6441|ENSURE PROTEINA RPB BAUNILHA 220ML UND|12|UN|103,8|0|0|200|1126|10|103,8|18|18,68|0|0|0|||||||70||||||70|||||||
|C170|2|7449|GLUCERNA RPB BAUNILHA 200ML PACK UND|2|UN|17,8|0|0|200|1102|10|17,8|18|3,2|0|0|0|||||||70||||||70|||||||
|C190|200|1126|18|103,8|103,8|18,68|0|0|0|0||
|C190|200|1102|18|17,8|17,8|3,2|0|0|0|0||
|C195|788||
|C100|0|1|5b0d4cc9dd5d36210c5a57bd|55|00|001|60595|28181105893097000122550010000605951867249441|01112018|01112018|1066|0|0|0|1066|0|0|0|0|1066|191,88|0|0|0|0|0|0|0|
|C170|1|11841|APTAMIL 1 PROFUTURA 400G|6|UN|69|0|0|200|1102|10|69|18|12,42|0|0|0|||||||98|0|0||0|0|98|0|0||0|0||
|C170|2|5887|NEOCATE LCP UPGRADE LT400G|4|UN|640|0|0|200|1102|10|640|18|115,2|0|0|0|||||||70||||||70|||||||
|C170|3|1538|PREGOMIN PEPTI 400G|3|LT|357|0|0|200|1102|10|357|18|64,26|0|0|0|||||||70||||||70|||||||
|C190|200|1102|18|1066|1066|191,88|0|0|0|0||
|C195|768||
|C100|0|1|5b0d4cc9dd5d36210c5a57bd|55|00|001|60596|28181105893097000122550010000605961867486726|01112018|01112018|1066|1|0|0|1066|3|0|0|0|0|0|0|0|0|0|0|0|0|
|C170|1|11841|APTAMIL 1 PROFUTURA 400G|6|UN|69|0|0|200|1102|10|0|0|0|0|0|0|||||||98|0|0||0|0|98|0|0||0|0||
|C170|2|5887|NEOCATE LCP UPGRADE LT400G|4|UN|640|0|0|200|1102|10|0|0|0|0|0|0|||||||70||||||70|||||||
|C170|3|1538|PREGOMIN PEPTI 400G|3|LT|357|0|0|200|1102|10|0|0|0|0|0|0|||||||70||||||70|||||||
|C190|200|1102|0|1066|0|0|0|0|0|0||
|C195|789||
|C100|0|1|5b0d4cc9dd5d36210c5a57bd|55|00|001|60598|28181105893097000122550010000605981868550023|01112018|01112018|6136,72|0|0|0|6136,72|0|0|0|0|6136,72|1104,61|0|0|0|0|0|0|0|
|C170|1|11841|APTAMIL 1 PROFUTURA 400G|3|UN|34,5|0|0|200|1102|10|34,5|18|6,21|0|0|0|||||||98|0|0||0|0|98|0|0||0|0||
|C170|2|7465|CALOGEN SSABOR 200ML|2|UN|103,12|0|0|200|1102|10|103,12|18|18,56|0|0|0|||||||70||||||70|||||||
|C170|3|7467|CUBITAN BAUNILHA 200ML|72|UN|1170|0|0|200|1102|10|1170|18|210,6|0|0|0|||||||70||||||70|||||||
|C170|4|7493|CUBITAN CHOCOLATE 200ML|56|UN|910|0|0|200|1102|10|910|18|163,8|0|0|0|||||||70||||||70|||||||
|C170|5|7468|CUBITAN MORANGO 200ML|72|UN|1170|0|0|200|1102|10|1170|18|210,6|0|0|0|||||||70||||||70|||||||
|C170|6|7689|FORTINI EM PO SSABOR 400G|3|LT|181,44|0|0|200|1102|10|181,44|18|32,66|0|0|0|||||||70||||||70|||||||
|C170|7|9098|INFATRINI PB 125ML|48|UN|1340,16|0|0|200|1102|10|1340,16|18|241,23|0|0|0|||||||70||||||70|||||||
|C170|8|10102|MILUPA 1 400G|5|LT|37,5|0|0|200|1102|10|37,5|18|6,75|0|0|0|||||||70||||||70|||||||
|C170|9|1538|PREGOMIN PEPTI 400G|10|LT|1190|0|0|200|1102|10|1190|18|214,2|0|0|0|||||||70||||||70|||||||
|C190|200|1102|18|6136,72|6136,72|1104,61|0|0|0|0||
|C195|790||
|C100|0|1|5b0d4cc9dd5d36210c5a57bd|55|00|001|60599|28181105893097000122550010000605991574618094|01112018|01112018|6136,72|1|0|0|6136,72|3|0|0|0|0|0|0|0|0|0|0|0|0|
|C170|1|11841|APTAMIL 1 PROFUTURA 400G|3|UN|34,5|0|0|200|1102|10|0|0|0|0|0|0|||||||98|0|0||0|0|98|0|0||0|0||
|C170|2|7465|CALOGEN SSABOR 200ML|2|UN|103,12|0|0|200|1102|10|0|0|0|0|0|0|||||||70||||||70|||||||
|C170|3|7467|CUBITAN BAUNILHA 200ML|72|UN|1170|0|0|200|1102|10|0|0|0|0|0|0|||||||70||||||70|||||||
|C170|4|7493|CUBITAN CHOCOLATE 200ML|56|UN|910|0|0|200|1102|10|0|0|0|0|0|0|||||||70||||||70|||||||
|C170|5|7468|CUBITAN MORANGO 200ML|72|UN|1170|0|0|200|1102|10|0|0|0|0|0|0|||||||70||||||70|||||||
|C170|6|7689|FORTINI EM PO SSABOR 400G|3|LT|181,44|0|0|200|1102|10|0|0|0|0|0|0|||||||70||||||70|||||||
|C170|7|9098|INFATRINI PB 125ML|48|UN|1340,16|0|0|200|1102|10|0|0|0|0|0|0|||||||70||||||70|||||||
|C170|8|10102|MILUPA 1 400G|5|LT|37,5|0|0|200|1102|10|0|0|0|0|0|0|||||||70||||||70|||||||
|C170|9|1538|PREGOMIN PEPTI 400G|10|LT|1190|0|0|200|1102|10|0|0|0|0|0|0|||||||70||||||70|||||||
|C190|200|1102|0|6136,72|0|0|0|0|0|0||
|C195|791||
|C100|0|1|5b0d4cc9dd5d36210c5a57bd|55|00|001|60600|28181105893097000122550010000606001365799552|01112018|01112018|737,6|0|0|0|737,6|1|0|0|0|737,6|132,77|0|0|0|0|0|0|0|
|C170|1|5172|APTAMIL SOJA 2 400 G|2|LT|87,6|0|0|200|1102|10|87,6|18|15,77|0|0|0|||||||70||||||70|||||||
|C170|2|7467|CUBITAN BAUNILHA 200ML|20|UN|325|0|0|200|1102|10|325|18|58,5|0|0|0|||||||70||||||70|||||||
|C170|3|7493|CUBITAN CHOCOLATE 200ML|10|UN|162,5|0|0|200|1102|10|162,5|18|29,25|0|0|0|||||||70||||||70|||||||
|C170|4|7468|CUBITAN MORANGO 200ML|10|UN|162,5|0|0|200|1102|10|162,5|18|29,25|0|0|0|||||||70||||||70|||||||
|C190|200|1102|18|737,6|737,6|132,77|0|0|0|0||
|C195|792||
|C100|0|1|5b0d4cc9dd5d36210c5a5793|55|00|001|134496|28181132838716000159550010001344961453714965|01112018|01112018|11313,6|1|0|0|11313,6|0|0|0|0|0|0|0|0|0|0|0|0|0|
|C170|1|10762|ABBOTT GLUCERNA 15 RTH 1000ML LT|140|LT|10886,4|0|0|200|1102|10|0|0|0|0|0|0|||||||70||||||70|||||||
|C170|2|6331|ABBOTT ENSURE PROTEINA RPB BAUNILHA 220M|11|UN|97,9|0|0|000|1102|10|0|0|0|0|0|0|||||||70||||||70|||||||
|C170|3|6331|ABBOTT ENSURE PROTEINA RPB BAUNILHA 220M|37|UN|329,3|0|0|000|1102|10|0|0|0|0|0|0|||||||70||||||70|||||||
|C190|200|1102|0|10886,4|0|0|0|0|0|0||
|C190|000|1102|0|427,2|0|0|0|0|0|0||
|C195|793||
|C100|0|1|5b0d4cc9dd5d36210c5a5793|55|00|001|134497|28181132838716000159550010001344971544514974|01112018|01112018|121,6|1|0|0|121,6|0|0|0|0|0|0|0|0|0|0|0|0|0|
|C170|1|8366|ABBOTT ENSURE PLUS BAUNILHA TETRAPACK 20|12|LT|103,8|0|0|000|1102|10|0|0|0|0|0|0|||||||70||||||70|||||||
|C170|2|6331|ABBOTT ENSURE PROTEINA RPB BAUNILHA 220M|2|UN|17,8|0|0|000|1102|10|0|0|0|0|0|0|||||||70||||||70|||||||
|C190|000|1102|0|121,6|0|0|0|0|0|0||
|C195|794||
|C100|0|1|5b0d4cc9dd5d36210c5a57bd|55|00|001|60606|28181105893097000122550010000606061524568529|01112018|01112018|737,6|1|0|0|737,6|1|0|0|0|737,6|132,77|0|0|0|0|0|0|0|
|C170|1|5172|APTAMIL SOJA 2 400 G|2|LT|87,6|0|0|200|1102|10|87,6|18|15,77|0|0|0|||||||70||||||70|||||||
|C170|2|7467|CUBITAN BAUNILHA 200ML|20|UN|325|0|0|200|1102|10|325|18|58,5|0|0|0|||||||70||||||70|||||||
|C170|3|7493|CUBITAN CHOCOLATE 200ML|10|UN|162,5|0|0|200|1102|10|162,5|18|29,25|0|0|0|||||||70||||||70|||||||
|C170|4|7468|CUBITAN MORANGO 200ML|10|UN|162,5|0|0|200|1102|10|162,5|18|29,25|0|0|0|||||||70||||||70|||||||
|C190|200|1102|18|737,6|737,6|132,77|0|0|0|0||
|C195|795||
|C100|0|1|5b0d4cc9dd5d36210c5a58b3|55|00|001|3540|35181197527126000150550010000035401000035731|01112018|01112018|7063,1|2|0|0|6021,4|0|0|0|0|0|0|0|0|0|0|0|0|0|
|C170|1|10517|COLHER REF BR A GR C500 15X29X20 N|70|CX|2479,4|0|0|202|1126|10|0|0|0|0|0|0|||||||70||||||70|||||||
|C170|2|10519|GARFO REF BR A GR C500 15X29X20 N|50|CX|1771|0|0|202|1126|10|0|0|0|0|0|0|||||||70||||||70|||||||
|C170|3|10518|FACA REF BR A GR C500 15X29X20 N|50|CX|1771|0|0|202|1126|10|0|0|0|0|0|0|||||||70||||||70|||||||
|C190|202|1126|0|7063,1|0|0|0|0|0|0||
|C195|721|Base de cálculo do ICMSST: R$8128,89, Valor do ICMSST: R$1041,70|
|C195|796||
|C100|0|1|5b0d4cc9dd5d36210c5a58cc|55|00|001|127583|28181132732679000108550010001275831000379085|01112018|01112018|144,59|0|0|0|144,59|0|0|0|0|144,59|26,03|0|0|0|0|0|0|0|
|C170|1|9816|SAPATO OCUPACIONAL EM EVA BRANCO N 34|1|UN|56,83|0|0|000|1102|10|56,83|18|10,23|0|0|0|||||||70||||||70|||||||
|C170|2|8759|BOTA DE COURO SBID CELAS USAFE N 4|1|UN|40,33|0|0|000|1102|10|40,33|18|7,26|0|0|0|||||||70||||||70|||||||
|C170|3|11880|PROTETOR LOMBAR FECHAMENTO DUPLO TAM XG|1|UN|47,43|0|0|000|1102|10|47,43|18|8,54|0|0|0|||||||98|0|0||0|0|98|0|0||0|0||
|C190|000|1102|18|144,59|144,59|26,03|0|0|0|0||
|C100|0|1|5b0d4cc9dd5d36210c5a5909|55|00|051|977852|29181140499907000161550510009778521002002820|01112018|01112018|646,8|1|0|0|646,8|0|0|0|0|646,8|77,62|0|0|0|0|0|0|0|
|C170|1|11145|0000000049  NG BEB LAC MORANGO 900G CX12UN|14|CX|646,8|0|0|000|1102|10|646,8|12|77,62|0|0|0|||||||70||||||70|||||||
|C190|000|1102|12|646,8|646,8|77,62|0|0|0|0||
|C195|797||
|C100|0|1|5b0d4cc9dd5d36210c5a5905|55|00|001|505530|29181140568933000285550010005055301452214378|02112018|02112018|4620|1|0|0|4620|0|0|0|0|4620|554,4|0|0|0|0|0|0|0|
|C170|1|8679|LEITE EM PO DESNATADO FD 10KG  50 X 200|30|UN|4620|0|0|000|1102|10|4620|12|554,4|0|0|0|||||||70||||||70|||||||
|C190|000|1102|12|4620|4620|554,4|0|0|0|0||
|C195|728||
|C100|0|1|5b0d4cc9dd5d36210c5a5755|55|00|001|2044281|31181100763832000160550010020442811006161053|03112018|03112018|5342,88|1|0|0|5342,88|0|0|0|0|5342,88|374,01|0|0|0|0|0|0|0|
|C170|1|5416|PERNIL S OSSO CONG + 20 KG|93,285|KG|764,94|0|0|000|1102|10|764,94|7|53,55|0|0|0|||||||70||||||70|||||||
|C170|2|10877|BACON MANTA DEF + 17 KG|60|KG|642,66|0|0|000|1102|10|642,66|7|44,99|0|0|0|||||||70||||||70|||||||
|C170|3|5253|COSTELA PONTA SALGADA 10 KG|30|KG|229,2|0|0|000|1102|10|229,2|7|16,04|0|0|0|||||||70||||||70|||||||
|C170|4|961|PE SALGADO 10 KG|10|KG|57,71|0|0|000|1102|10|57,71|7|4,04|0|0|0|||||||70||||||70|||||||
|C170|5|5378|LINGUICA CALABRESA DEF 2,5 KG|300|KG|2394|0|0|000|1102|10|2394|7|167,58|0|0|0|||||||70||||||70|||||||
|C170|6|5783|PRESUNTO BOM SABOR|158,58|KG|1254,37|0|0|000|1102|10|1254,37|7|87,81|0|0|0|||||||70||||||70|||||||
|C190|000|1102|7|5342,88|5342,88|374,01|0|0|0|0||
|C195|798||
|C100|0|1|5b0d4cc9dd5d36210c5a57f9|55|00|032|790440|28181156228356009279550320007904401884355678|01112018|03112018|45,88|0|0|0|45,2|0|0|0|0|0|0|0|0|0|0|0|0|0|
|C170|1|973|GUARANA CHP ANTARCTICA DIET LATA 350 ML|2|CX|45,2|0|0|060|1102|10|0|0|0|0|0|0|||||||70||||||70|||||||
|C190|060|1102|0|45,88|0|0|0|0|0|0||
|C195|799||
|C100|0|1|5b0d4cc9dd5d36210c5a58d9|55|00|005|63814|28181108715757002117550050000638141006117533|03112018|03112018|1135,2|2|0|0|1103,34|0|0|0|0|0|0|0|0|0|0|0|0|0|
|C170|1|10233|KT PET 2L|24|UN|82,76|0|0|060|1126|10|0|0|0|0|0|0|||||||70||||||70|||||||
|C170|2|9563|CC LATA 350ML|480|UN|1020,58|0|0|060|1126|10|0|0|0|0|0|0|||||||70||||||70|||||||
|C190|060|1126|0|1135,2|0|0|0|0|0|0||
|C195|800||
|C100|0|1|5b0d4cc9dd5d36210c5a58d9|55|00|004|719725|28181108715757002117550040007197251018161648|01112018|03112018|1135,2|2|0|0|1103,34|0|0|0|0|0|0|0|0|0|0|0|0|0|
|C170|1|10233|KT PET 2L|24|UN|82,76|0|0|060|1126|10|0|0|0|0|0|0|||||||70||||||70|||||||
|C170|2|9563|CC LATA 350ML|480|UN|1020,58|0|0|060|1126|10|0|0|0|0|0|0|||||||70||||||70|||||||
|C190|060|1126|0|1135,2|0|0|0|0|0|0||
|C195|801||
|C100|0|1|5b0d4cc9dd5d36210c5a57c2|55|00|001|23237|28181107505422000168550010000232371000232378|05112018|05112018|155,25|0|0|0|155,25|9|0|0|0|155,25|27,94|0|0|0|0|0|0|0|
|C170|1|1691|POLPA DE UMBU 1KG POMAR|45|UN|155,25|0|0|000|1102|10|155,25|18|27,94|0|0|0|||||||70||||||70|||||||
|C190|000|1102|18|155,25|155,25|27,94|0|0|0|0||
|C195|768||
|C100|0|1|5b0d4cc9dd5d36210c5a57bd|55|00|001|60630|28181105893097000122550010000606301271305784|05112018|05112018|403|1|0|0|403|0|0|0|0|0|0|0|0|0|0|0|0|0|
|C170|1|6678|NEO ADVANCED 400G|2|LT|403|0|0|200|1102|10|0|0|0|0|0|0|||||||70||||||70|||||||
|C190|200|1102|0|403|0|0|0|0|0|0||
|C195|802||
|C100|0|1|5b0d4cc9dd5d36210c5a57bd|55|00|001|60631|28181105893097000122550010000606311214036262|05112018|05112018|403|0|0|0|403|0|0|0|0|403|72,54|0|0|0|0|0|0|0|
|C170|1|6678|NEO ADVANCED 400G|2|LT|403|0|0|200|1102|10|403|18|72,54|0|0|0|||||||70||||||70|||||||
|C190|200|1102|18|403|403|72,54|0|0|0|0||
|C195|790||
|C100|0|1|5b1133f3dd5d3637f0bb3b2a|55|00|001|789|28181128535028000142550010000007891861086658|05112018|05112018|1386|1|0|0|1320|9|0|0|0|1320|237,6|0|0|0|0|0|0|0|
|C170|1|11960|PACOTE CHARTAM ECONOMY BRANCO 1000 FOLHAS|200|PC|1320|0|0|000|1102|10|1320|18|237,6|0|0|0|||||||98|0|0||0|0|98|0|0||0|0||
|C190|000|1102|18|1386|1320|237,6|0|0|0|0||
|C195|803||
|C100|0|1|5b0d4cc9dd5d36210c5a596a|55|00|001|679|28181129855950000180550010000006791471606551|05112018|05112018|4318,9|0|0|0|4318,9|0|0|0|0|0|0|0|0|0|0|0|0|0|
|C170|1|11588|FRESUBIN HP ENERGY 1000 ML EB|64|PC|1728|0|0|900|1102|10|0|0|0|0|0|0|||||||70||||||70|||||||
|C170|2|11582|FREBINI ENERGY  500 ML|30|PC|988,2|0|0|900|1102|10|0|0|0|0|0|0|||||||70||||||70|||||||
|C170|3|11583|FRESUBIN PROTEIN POWDER|3|PT|216|0|0|900|1102|10|0|0|0|0|0|0|||||||70||||||70|||||||
|C170|4|12014|FRESUBIN 5KCAL SHOT DRINK CREME 120ML|5|CX|130|0|0|900|1102|10|0|0|0|0|0|0|||||||70||||||70|||||||
|C170|5|11641|FRESUBIN 2KCAL HP FIBRE 500ML|30|BL|1256,7|0|0|900|1102|10|0|0|0|0|0|0|||||||70||||||70|||||||
|C190|900|1102|0|4318,9|0|0|0|0|0|0||
|C195|804||
|C100|0|1|5b0d4cc9dd5d36210c5a596a|55|00|001|680|28181129855950000180550010000006801568824481|05112018|05112018|4318,9|1|0|0|4318,9|0|0|0|0|0|0|0|0|0|0|0|0|0|
|C170|1|11588|FRESUBIN HP ENERGY 1000 ML EB|64|PC|1728|0|0|102|1102|10|0|0|0|0|0|0|||||||70||||||70|||||||
|C170|2|11582|FREBINI ENERGY  500 ML|30|PC|988,2|0|0|102|1102|10|0|0|0|0|0|0|||||||70||||||70|||||||
|C170|3|11583|FRESUBIN PROTEIN POWDER|3|PT|216|0|0|102|1102|10|0|0|0|0|0|0|||||||70||||||70|||||||
|C170|4|12014|FRESUBIN 5KCAL SHOT DRINK CREME 120ML|5|CX|130|0|0|102|1102|10|0|0|0|0|0|0|||||||70||||||70|||||||
|C170|5|11641|FRESUBIN 2KCAL HP FIBRE 500ML|30|BL|1256,7|0|0|102|1102|10|0|0|0|0|0|0|||||||70||||||70|||||||
|C190|102|1102|0|4318,9|0|0|0|0|0|0||
|C195|805||
|C100|0|1|5b0d4cc9dd5d36210c5a579c|55|00|001|8871|28181118656923000323550010000088711000010096|05112018|05112018|5943|1|0|0|5943|0|0|0|0|5943|1069,74|0|0|0|0|0|0|0|
|C170|1|11028|BIOFRASCONUTRI ENTERAL 300ML No Lote: L167497Data: 20221116|900|UN|693|0|0|000|1102|10|693|18|124,74|0|0|0|||||||70||||||70|||||||
|C170|2|11021|EQL E NS Y NO LUER LF 2001  REF: 10008228 No Lote: EQP1778453Data: 20220930|200|UN|3000|0|0|000|1102|10|3000|18|540|0|0|0|||||||70||||||70|||||||
|C170|3|11022|EQL E Y NO LUER  REF: 10007201 No Lote: EQP1778249Data: 20220831|150|UN|2250|0|0|000|1102|10|2250|18|405|0|0|0|||||||70||||||70|||||||
|C190|000|1102|18|5943|5943|1069,74|0|0|0|0||
|C195|806||
|C100|0|1|5b0d4cc9dd5d36210c5a579c|55|00|001|8872|28181118656923000323550010000088721000010093|05112018|05112018|5216,16|1|0|0|5216,16|0|0|0|0|0|0|0|0|0|0|0|0|0|
|C170|1|7499|ISOSOURCE 1,5 1000ML  REF: 12127764 No|12|UN|336,96|0|0|541|1102|10|0|0|0|0|0|0|||||||70||||||70|||||||
|C170|2|7500|PEPTAMEN HN SF 500ML  REF: 12183044 No|33|UN|2244|0|0|241|1102|10|0|0|0|0|0|0|||||||70||||||70|||||||
|C170|3|9617|IMPACT PEPTIDE 15 SF 1000ML  REF: 1230|12|UN|1078,8|0|0|241|1102|10|0|0|0|0|0|0|||||||70||||||70|||||||
|C170|4|7340|NUTREN SENIOR 200ML MIX DE FRUTAS  REF:|27|UN|328,05|0|0|041|1102|10|0|0|0|0|0|0|||||||70||||||70|||||||
|C170|5|7861|NUTREN 20 200ML BAUNILHA  REF: 1212762|27|UN|247,05|0|0|541|1102|10|0|0|0|0|0|0|||||||70||||||70|||||||
|C170|6|11481|NOVASOURCE PROLINE 27X200M No Lote: 8006046052Data: 20190101|54|UN|850,5|0|0|541|1102|10|0|0|0|0|0|0|||||||70||||||70|||||||
|C170|7|9482|GLUTAMAX CX 20 SACHES 5GR|1|UN|40,8|0|0|041|1102|10|0|0|0|0|0|0|||||||70||||||70|||||||
|C170|8|8789|SIMFORT CX 30 SACHES 2GR|1|UN|90|0|0|041|1102|10|0|0|0|0|0|0|||||||70||||||70|||||||
|C190|541|1102|0|1434,51|0|0|0|0|0|0||
|C190|241|1102|0|3322,8|0|0|0|0|0|0||
|C190|041|1102|0|458,85|0|0|0|0|0|0||
|C195|807||
|C100|0|1|5b0d4cc9dd5d36210c5a579c|55|00|001|8873|28181118656923000323550010000088731000010090|05112018|05112018|5216,16|0|0|0|5216,16|0|0|0|0|5216,16|938,9|0|0|0|0|0|0|0|
|C170|1|7499|ISOSOURCE 1,5 1000ML  REF: 12127764 No|12|UN|336,96|0|0|500|1102|10|336,96|18|60,65|0|0|0|||||||70||||||70|||||||
|C170|2|7500|PEPTAMEN HN SF 500ML  REF: 12183044 No|33|UN|2244|0|0|200|1102|10|2244|18|403,92|0|0|0|||||||70||||||70|||||||
|C170|3|9617|IMPACT PEPTIDE 15 SF 1000ML  REF: 1230|12|UN|1078,8|0|0|200|1102|10|1078,8|18|194,18|0|0|0|||||||70||||||70|||||||
|C170|4|7340|NUTREN SENIOR 200ML MIX DE FRUTAS  REF:|27|UN|328,05|0|0|000|1102|10|328,05|18|59,05|0|0|0|||||||70||||||70|||||||
|C170|5|7861|NUTREN 20 200ML BAUNILHA  REF: 1212762|27|UN|247,05|0|0|500|1102|10|247,05|18|44,47|0|0|0|||||||70||||||70|||||||
|C170|6|11481|NOVASOURCE PROLINE 27X200M No Lote: 8006046052Data: 20190101|54|UN|850,5|0|0|500|1102|10|850,5|18|153,09|0|0|0|||||||70||||||70|||||||
|C170|7|9482|GLUTAMAX CX 20 SACHES 5GR|1|UN|40,8|0|0|000|1102|10|40,8|18|7,34|0|0|0|||||||70||||||70|||||||
|C170|8|8789|SIMFORT CX 30 SACHES 2GR|1|UN|90|0|0|000|1102|10|90|18|16,2|0|0|0|||||||70||||||70|||||||
|C190|500|1102|18|1434,51|1434,51|258,21|0|0|0|0||
|C190|200|1102|18|3322,8|3322,8|598,1|0|0|0|0||
|C190|000|1102|18|458,85|458,85|82,59|0|0|0|0||
|C195|808||
|C100|0|1|5b0d4cc9dd5d36210c5a5918|55|00|001|67511|35181117758441000150550010000675111846699634|05112018|05112018|4560|1|0|0|4560|0|0|0|0|4560|319,2|0|0|0|0|0|0|0|
|C170|1|11698|DIANTEIRO COMPLETO JERKED BEEF 6X5 KG *REAL SABOR*|300|KG|4560|0|0|000|1102|10|4560|7|319,2|0|0|0|||||||70||||||70|||||||
|C190|000|1102|7|4560|4560|319,2|0|0|0|0||
|C195|809||
|C100|0|1|5b0d4cc9dd5d36210c5a57b9|55|00|001|43785|28181107925203000138550010000437851079580051|05112018|05112018|210|0|0|0|210|0|0|0|0|0|0|0|0|0|0|0|0|0|
|C170|1|7548|GLUTAMAX 10 GR|30|UN|120|0|0|900|1102|10|0|0|0|0|0|0|||||||70||||||70|||||||
|C170|2|7938|SIMFORT 2G  30 SACHES|1|CX|90|0|0|900|1102|10|0|0|0|0|0|0|||||||70||||||70|||||||
|C190|900|1102|0|210|0|0|0|0|0|0||
|C195|810||
|C100|0|1|5b0d4cc9dd5d36210c5a57b9|55|00|001|43786|28181107925203000138550010000437861760614503|05112018|05112018|210|1|0|0|210|0|0|0|0|0|0|0|0|0|0|0|0|0|
|C170|1|7548|GLUTAMAX 10 GR|30|UN|120|0|0|102|1102|10|0|0|0|0|0|0|||||||70||||||70|||||||
|C170|2|7938|SIMFORT 2G  30 SACHES|1|CX|90|0|0|102|1102|10|0|0|0|0|0|0|||||||70||||||70|||||||
|C190|102|1102|0|210|0|0|0|0|0|0||
|C195|811||
|C100|0|1|5b0d4cc9dd5d36210c5a596a|55|00|001|681|28181129855950000180550010000006811869354163|05112018|05112018|3501,6|1|0|0|3501,6|0|0|0|0|0|0|0|0|0|0|0|0|0|
|C170|1|11582|FREBINI ENERGY  500 ML|30|PC|988,2|0|0|102|1102|10|0|0|0|0|0|0|||||||70||||||70|||||||
|C170|2|11584|FRESUBIN 2KCAL HP|45|PC|1885,05|0|0|102|1102|10|0|0|0|0|0|0|||||||70||||||70|||||||
|C170|3|11641|FRESUBIN 2KCAL HP FIBRE 500ML|15|BL|628,35|0|0|102|1102|10|0|0|0|0|0|0|||||||70||||||70|||||||
|C190|102|1102|0|3501,6|0|0|0|0|0|0||
|C195|812||
|C100|0|1|5b0d4cc9dd5d36210c5a5793|55|00|001|134546|28181132838716000159550010001345461055910466|05112018|05112018|6648|0|0|0|6648|0|0|0|0|6648|1196,64|0|0|0|0|0|0|0|
|C170|1|10761|GLUCERNA 1,5 RTH 1000ML LT|80|LT|6220,8|0|0|200|1102|10|6220,8|18|1119,74|0|0|0|||||||70||||||70|||||||
|C170|2|7449|GLUCERNA RPB BAUNILHA 200ML PACK UND|48|UN|427,2|0|0|200|1102|10|427,2|18|76,9|0|0|0|||||||70||||||70|||||||
|C190|200|1102|18|6648|6648|1196,64|0|0|0|0||
|C195|813||
|C100|0|1|5b0d4cc9dd5d36210c5a5793|55|00|001|134550|28181132838716000159550010001345501542711500|05112018|05112018|6648|1|0|0|6648|0|0|0|0|0|0|0|0|0|0|0|0|0|
|C170|1|10762|ABBOTT GLUCERNA 15 RTH 1000ML LT|80|LT|6220,8|0|0|200|1102|10|0|0|0|0|0|0|||||||70||||||70|||||||
|C170|2|6331|ABBOTT ENSURE PROTEINA RPB BAUNILHA 220M|48|UN|427,2|0|0|000|1102|10|0|0|0|0|0|0|||||||70||||||70|||||||
|C190|200|1102|0|6220,8|0|0|0|0|0|0||
|C190|000|1102|0|427,2|0|0|0|0|0|0||
|C195|814||
|C100|0|1|5b0d4cc9dd5d36210c5a5793|55|00|001|134551|28181132838716000159550010001345511133011517|05112018|05112018|133|1|0|0|133|0|0|0|0|133|23,95|0|0|0|0|0|0|0|
|C170|1|7448|ENSURE PLUS BAUNILHA TETRAPACK 200ML UND|15|UN|99,75|0|0|200|1102|10|99,75|18|17,96|0|0|0|||||||70||||||70|||||||
|C170|2|7755|ENSURE PLUS CHOCOLATE TETRAPACK 200ML UN|5|UN|33,25|0|0|200|1102|10|33,25|18|5,99|0|0|0|||||||70||||||70|||||||
|C190|200|1102|18|133|133|23,95|0|0|0|0||
|C195|815||
|C100|0|1|5b0d4cc9dd5d36210c5a5944|55|00|001|808|28181128409002000158550010000008081322005183|05112018|05112018|5244|1|0|0|5244|9|0|0|0|0|0|0|0|0|0|0|0|0|
|C170|1|10821|SABONETE ANTISEPTICO SABOEX 5L|10|UN|450|0|0|102|1102|10|0|0|0|0|0|0|||||||70||||||70|||||||
|C170|2|10803|SUMA D27 BB 5L|20|UN|1040|0|0|102|1102|10|0|0|0|0|0|0|||||||70||||||70|||||||
|C170|3|11043|SUMA RINSE A5 5L|3|UN|504|0|0|102|1102|10|0|0|0|0|0|0|||||||70||||||70|||||||
|C170|4|7909|SUMA ALUMINUN BD 4KG|2|CX|280|0|0|102|1126|10|0|0|0|0|0|0|||||||70||||||70|||||||
|C170|5|10992|SUMA MACH L2  SUMA L26 5L|4|UN|400|0|0|102|1102|10|0|0|0|0|0|0|||||||70||||||70|||||||
|C170|6|10959|VIREX DETERGENTE BB 5L|12|UN|876|0|0|102|1102|10|0|0|0|0|0|0|||||||70||||||70|||||||
|C170|7|10822|SUMAVEG  BD 2KG DESINFETANTE FLV EM PO|3|UN|222|0|0|102|1102|10|0|0|0|0|0|0|||||||70||||||70|||||||
|C170|8|10820|SUMA GRILL D9 BB 5L DET DESINCRUSTANTE|16|UN|1472|0|0|102|1102|10|0|0|0|0|0|0|||||||70||||||70|||||||
|C190|102|1102|0|4964|0|0|0|0|0|0||
|C190|102|1126|0|280|0|0|0|0|0|0||
|C195|816||
|C100|0|1|5b0d4cc9dd5d36210c5a58b8|55|00|001|62709|28181120556482000178550010000627091103893132|05112018|05112018|1085,49|0|25,01|0|1110,5|9|0|0|0|1085,49|195,39|0|0|0|0|0|0|0|
|C170|1|11156|BATATA PALHA GOLD 500G|30|PT|179,7|0|0|000|1102|10|179,7|18|32,35|0|0|0|||||||70||||||70|||||||
|C170|2|10504|ALHO DE 1a KG|50|KG|725|25,01|0|000|1102|10|699,99|18|126|0|0|0|||||||70||||||70|||||||
|C170|3|7170|OREGANO CHILENO KG|7|KG|205,8|0|0|000|1102|10|205,8|18|37,04|0|0|0|||||||70||||||70|||||||
|C190|000|1102|18|1085,49|1085,49|195,39|0|0|0|0||
|C100|0|1|5b0d4cc9dd5d36210c5a57bd|55|00|001|60658|28181105893097000122550010000606581728466062|05112018|05112018|4129,12|1|0|0|4129,12|3|0|0|0|0|0|0|0|0|0|0|0|0|
|C170|1|11841|APTAMIL 1 PROFUTURA 400G|3|UN|34,5|0|0|200|1102|10|0|0|0|0|0|0|||||||98|0|0||0|0|98|0|0||0|0||
|C170|2|7686|APTAMIL SLACTOSE 400G|3|LT|70,5|0|0|200|1102|10|0|0|0|0|0|0|||||||70||||||70|||||||
|C170|3|7465|CALOGEN SSABOR 200ML|4|UN|206,24|0|0|200|1102|10|0|0|0|0|0|0|||||||70||||||70|||||||
|C170|4|7467|CUBITAN BAUNILHA 200ML|24|UN|390|0|0|200|1102|10|0|0|0|0|0|0|||||||70||||||70|||||||
|C170|5|7493|CUBITAN CHOCOLATE 200ML|24|UN|390|0|0|200|1102|10|0|0|0|0|0|0|||||||70||||||70|||||||
|C170|6|7468|CUBITAN MORANGO 200ML|24|UN|390|0|0|200|1102|10|0|0|0|0|0|0|||||||70||||||70|||||||
|C170|7|9098|INFATRINI PB 125ML|24|UN|670,08|0|0|200|1102|10|0|0|0|0|0|0|||||||70||||||70|||||||
|C170|8|5887|NEOCATE LCP UPGRADE LT400G|5|UN|800|0|0|200|1102|10|0|0|0|0|0|0|||||||70||||||70|||||||
|C170|9|7908|NUTRINI PEPTI PACK 500ML|8|UN|820,8|0|0|200|1102|10|0|0|0|0|0|0|||||||70||||||70|||||||
|C170|10|1538|PREGOMIN PEPTI 400G|3|LT|357|0|0|200|1102|10|0|0|0|0|0|0|||||||70||||||70|||||||
|C190|200|1102|0|4129,12|0|0|0|0|0|0||
|C195|817||
|C100|0|1|5b0d4cc9dd5d36210c5a57bd|55|00|001|60659|28181105893097000122550010000606591570324886|05112018|05112018|4129,12|0|0|0|4129,12|0|0|0|0|4129,12|743,23|0|0|0|0|0|0|0|
|C170|1|11841|APTAMIL 1 PROFUTURA 400G|3|UN|34,5|0|0|200|1102|10|34,5|18|6,21|0|0|0|||||||98|0|0||0|0|98|0|0||0|0||
|C170|2|7686|APTAMIL SLACTOSE 400G|3|LT|70,5|0|0|200|1102|10|70,5|18|12,69|0|0|0|||||||70||||||70|||||||
|C170|3|7465|CALOGEN SSABOR 200ML|4|UN|206,24|0|0|200|1102|10|206,24|18|37,12|0|0|0|||||||70||||||70|||||||
|C170|4|7467|CUBITAN BAUNILHA 200ML|24|UN|390|0|0|200|1102|10|390|18|70,2|0|0|0|||||||70||||||70|||||||
|C170|5|7493|CUBITAN CHOCOLATE 200ML|24|UN|390|0|0|200|1102|10|390|18|70,2|0|0|0|||||||70||||||70|||||||
|C170|6|7468|CUBITAN MORANGO 200ML|24|UN|390|0|0|200|1102|10|390|18|70,2|0|0|0|||||||70||||||70|||||||
|C170|7|9098|INFATRINI PB 125ML|24|UN|670,08|0|0|200|1102|10|670,08|18|120,61|0|0|0|||||||70||||||70|||||||
|C170|8|5887|NEOCATE LCP UPGRADE LT400G|5|UN|800|0|0|200|1102|10|800|18|144|0|0|0|||||||70||||||70|||||||
|C170|9|7908|NUTRINI PEPTI PACK 500ML|8|UN|820,8|0|0|200|1102|10|820,8|18|147,74|0|0|0|||||||70||||||70|||||||
|C170|10|1538|PREGOMIN PEPTI 400G|3|LT|357|0|0|200|1102|10|357|18|64,26|0|0|0|||||||70||||||70|||||||
|C190|200|1102|18|4129,12|4129,12|743,23|0|0|0|0||
|C195|790||
|C100|0|1|5b0d4cc9dd5d36210c5a57bd|55|00|001|60662|28181105893097000122550010000606621841984580|05112018|05112018|884,5|0|0|0|884,5|1|0|0|0|884,5|159,21|0|0|0|0|0|0|0|
|C170|1|12141|NUTRI ENTERAL SOYA 12 TP 1L|50|UN|884,5|0|0|000|1102|10|884,5|18|159,21|0|0|0|||||||70||||||70|||||||
|C190|000|1102|18|884,5|884,5|159,21|0|0|0|0||
|C195|818||
|C100|0|1|5b0d4cc9dd5d36210c5a57bd|55|00|001|60664|28181105893097000122550010000606641302705523|05112018|05112018|1007,5|1|0|0|1007,5|1|0|0|0|1007,5|181,35|0|0|0|0|0|0|0|
|C170|1|6678|NEO ADVANCED 400G|5|LT|1007,5|0|0|200|1102|10|1007,5|18|181,35|0|0|0|||||||70||||||70|||||||
|C190|200|1102|18|1007,5|1007,5|181,35|0|0|0|0||
|C195|819||
|C100|0|1|5b0d4cc9dd5d36210c5a57bd|55|00|001|60666|28181105893097000122550010000606661659750404|05112018|05112018|1658,5|1|0|0|1658,5|3|0|0|0|0|0|0|0|0|0|0|0|0|
|C170|1|11841|APTAMIL 1 PROFUTURA 400G|9|UN|103,5|0|0|200|1102|10|0|0|0|0|0|0|||||||98|0|0||0|0|98|0|0||0|0||
|C170|2|5887|NEOCATE LCP UPGRADE LT400G|6|UN|960|0|0|200|1102|10|0|0|0|0|0|0|||||||70||||||70|||||||
|C170|3|1538|PREGOMIN PEPTI 400G|5|LT|595|0|0|200|1102|10|0|0|0|0|0|0|||||||70||||||70|||||||
|C190|200|1102|0|1658,5|0|0|0|0|0|0||
|C195|820||
|C100|0|1|5b0d4cc9dd5d36210c5a57bd|55|00|001|60667|28181105893097000122550010000606671966420760|05112018|05112018|1658,5|0|0|0|1658,5|0|0|0|0|1658,5|298,53|0|0|0|0|0|0|0|
|C170|1|11841|APTAMIL 1 PROFUTURA 400G|9|UN|103,5|0|0|200|1102|10|103,5|18|18,63|0|0|0|||||||98|0|0||0|0|98|0|0||0|0||
|C170|2|5887|NEOCATE LCP UPGRADE LT400G|6|UN|960|0|0|200|1102|10|960|18|172,8|0|0|0|||||||70||||||70|||||||
|C170|3|1538|PREGOMIN PEPTI 400G|5|LT|595|0|0|200|1102|10|595|18|107,1|0|0|0|||||||70||||||70|||||||
|C190|200|1102|18|1658,5|1658,5|298,53|0|0|0|0||
|C195|768||
|C100|0|1|5b0d4cc9dd5d36210c5a58e5|55|00|001|145914|29181110498270000128550010001459141111005116|05112018|05112018|10585|1|0|0|10585|0|0|0|0|10585|1270,2|0|0|0|0|0|0|0|
|C170|1|11701|LEITE DESNATADO PRONTU 50X200G 50X200G QTD 5000 FD|750|PT|2220|0|0|000|1102|10|2220|12|266,4|0|0|0|||||||70||||||70|||||||
|C170|2|12256|LEITE EM PO INTEGRAL BIG LEITE 50X200G 50X200G QTD 10000 FD|2500|PT|8115|0|0|000|1102|10|8115|12|973,8|0|0|0|||||||70||||||70|||||||
|C170|3|12342|FARINHA LACTEA MILKLY 25X200G 25X200G QTD 500 FD|125|PT|250|0|0|000|1102|10|250|12|30|0|0|0|||||||70||||||70|||||||
|C190|000|1102|12|10585|10585|1270,2|0|0|0|0||
|C195|821||
|C100|0|1|5b0d4cc9dd5d36210c5a5799|55|00|001|71205|28181110483444003013550010000712051256850668|05112018|05112018|673,4|0|0|0|670,8|0|0|0|2,6|673,4|121,22|0|0|0|0|0|0|0|
|C170|1|10250|L FER GAR BELLE LIGHT MORANGO BETA 900G|60|UN|335,4|0|0|000|1102|10|336,7|18|60,61|0|0|0|||||||70||||||70|||||||
|C170|2|8785|L FER GAR BELLE LIGHT AMEIXA BETA 900G|60|UN|335,4|0|0|000|1102|10|336,7|18|60,61|0|0|0|||||||70||||||70|||||||
|C190|000|1102|18|673,4|673,4|121,22|0|0|0|0||
|C195|822||
|C100|0|1|5b0d4cc9dd5d36210c5a578e|55|00|002|364890|28181104928281000289550020003648901111006119|06112018|06112018|431,8|1|0|0|431,8|9|0|0|0|0|0|0|0|0|0|0|0|0|
|C170|1|2163|FEIJAO FRADINHO T VIEIRA 10X1KG|200|UN|431,8|0|0|041|1102|10|0|0|0|0|0|0|||||||70||||||70|||||||
|C190|041|1102|0|431,8|0|0|0|0|0|0||
|C195|823||
|C100|0|1|5b0d4cc9dd5d36210c5a5896|55|00|001|4356|28181103135252000116550010000043561403033104|06112018|06112018|670|0|0|0|670|0|0|0|0|0|0|0|0|0|0|0|0|0|
|C170|1|10321|FARINHA DE MANDIOCA ISABELLY|10|UN|670|0|0|060|1102|10|0|0|0|0|0|0|||||||70||||||70|||||||
|C190|060|1102|0|670|0|0|0|0|0|0||
|C100|0|1|5b0d4cc9dd5d36210c5a57a5|55|00|300|43873|28181106057223029900553000000438731101745445|06112018|06112018|3270|0|0|0|3270|9|0|0|0|414|74,52|0|0|0|0|0|0|0|
|C170|1|10169|MAC DELITTE 500G ESPAG|120|CX|2856|0|0|060|1102|10|0|0|0|0|0|0|||||||70||||||70|||||||
|C170|2|10872|VINAGRE DE ALCOOL REGINA FOLHA VDE 500ML|50|UN|414|0|0|000|1102|10|414|18|74,52|0|0|0|||||||70||||||70|||||||
|C190|060|1102|0|2856|0|0|0|0|0|0||
|C190|000|1102|18|414|414|74,52|0|0|0|0||
|C195|824||
|C100|0|1|5b0d4cc9dd5d36210c5a57bd|55|00|001|60702|28181105893097000122550010000607021184653467|06112018|06112018|884,5|1|0|0|884,5|1|0|0|0|884,5|159,21|0|0|0|0|0|0|0|
|C170|1|12341|NUTRI FIBER 12kcalml 1000ML|50|UN|884,5|0|0|000|1102|10|884,5|18|159,21|0|0|0|||||||70||||||70|||||||
|C190|000|1102|18|884,5|884,5|159,21|0|0|0|0||
|C195|825||
|C100|0|1|5b0d4cc9dd5d36210c5a582f|55|00|001|985|28181105675802000115550010000009851000009853|06112018|06112018|481|0|0|0|481|9|0|0|0|0|0|0|0|0|0|0|0|0|
|C170|1|6827|PAO|1200|UN|276|0|0|500|1102|10|0|0|0|0|0|0|||||||70||||||70|||||||
|C170|2|11786|PAO batata ssal|276|UN|69|0|0|500|1102|10|0|0|0|0|0|0|||||||98|0|0||0|0|98|0|0||0|0||
|C170|3|4603|PAO INTEGRAL PAC|34|UN|136|0|0|500|1102|10|0|0|0|0|0|0|||||||70||||||70|||||||
|C190|500|1102|0|481|0|0|0|0|0|0||
|C195|826||
|C100|0|1|5b0d4cc9dd5d36210c5a582f|55|00|001|986|28181105675802000115550010000009861000009869|06112018|06112018|3966,1|0|0|0|3966,1|9|0|0|0|0|0|0|0|0|0|0|0|0|
|C170|1|6827|PAO|10420|UN|2396,6|0|0|500|1102|10|0|0|0|0|0|0|||||||70||||||70|||||||
|C170|2|11785|PAO DE CACHORRO QUENTE|580|UN|290|0|0|500|1102|10|0|0|0|0|0|0|||||||98|0|0||0|0|98|0|0||0|0||
|C170|3|11786|PAO batata ssal|2030|UN|507,5|0|0|500|1102|10|0|0|0|0|0|0|||||||98|0|0||0|0|98|0|0||0|0||
|C170|4|4605|PAO DE FORMA 500 GR|144|UN|576|0|0|500|1102|10|0|0|0|0|0|0|||||||70||||||70|||||||
|C170|5|4495|FARINHA DE ROSSCA KG|4|UN|24|0|0|102|1102|10|0|0|0|0|0|0|||||||70||||||70|||||||
|C170|6|4603|PAO INTEGRAL PAC|43|UN|172|0|0|500|1102|10|0|0|0|0|0|0|||||||70||||||70|||||||
|C190|500|1102|0|3942,1|0|0|0|0|0|0||
|C190|102|1102|0|24|0|0|0|0|0|0||
|C195|827||
|C100|0|1|5b0d4cc9dd5d36210c5a582f|55|00|001|987|28181105675802000115550010000009871000009874|06112018|06112018|16424,95|0|0|0|16424,95|9|0|0|0|0|0|0|0|0|0|0|0|0|
|C170|1|6827|PAO|39790|UN|9151,7|0|0|500|1102|10|0|0|0|0|0|0|||||||70||||||70|||||||
|C170|2|11785|PAO DE CACHORRO QUENTE|2165|UN|1082,5|0|0|500|1102|10|0|0|0|0|0|0|||||||98|0|0||0|0|98|0|0||0|0||
|C170|3|11786|PAO batata ssal|4915|UN|1228,75|0|0|500|1102|10|0|0|0|0|0|0|||||||98|0|0||0|0|98|0|0||0|0||
|C170|4|4605|PAO DE FORMA 500 GR|41|UN|164|0|0|500|1102|10|0|0|0|0|0|0|||||||70||||||70|||||||
|C170|5|4603|PAO INTEGRAL PAC|661|UN|2644|0|0|500|1102|10|0|0|0|0|0|0|||||||70||||||70|||||||
|C170|6|11784|PAO DE HAMBURGUER|3240|UN|1944|0|0|102|1102|10|0|0|0|0|0|0|||||||98|0|0||0|0|98|0|0||0|0||
|C170|7|4495|FARINHA DE ROSSCA KG|35|UN|210|0|0|102|1102|10|0|0|0|0|0|0|||||||70||||||70|||||||
|C190|500|1102|0|14270,95|0|0|0|0|0|0||
|C190|102|1102|0|2154|0|0|0|0|0|0||
|C195|828||
|C100|0|1|5b0d4cc9dd5d36210c5a582f|55|00|001|988|28181105675802000115550010000009881000009880|06112018|06112018|2917,05|0|0|0|2917,05|9|0|0|0|0|0|0|0|0|0|0|0|0|
|C170|1|6827|PAO|5810|UN|1336,3|0|0|500|1102|10|0|0|0|0|0|0|||||||70||||||70|||||||
|C170|2|11786|PAO batata ssal|773|UN|193,25|0|0|500|1102|10|0|0|0|0|0|0|||||||98|0|0||0|0|98|0|0||0|0||
|C170|3|4605|PAO DE FORMA 500 GR|60|UN|240|0|0|500|1102|10|0|0|0|0|0|0|||||||70||||||70|||||||
|C170|4|11847|PAO DE LEITE|1535|UN|767,5|0|0|500|1102|10|0|0|0|0|0|0|||||||98|0|0||0|0|98|0|0||0|0||
|C170|5|4495|FARINHA DE ROSSCA KG|12|UN|72|0|0|102|1102|10|0|0|0|0|0|0|||||||70||||||70|||||||
|C170|6|4603|PAO INTEGRAL PAC|77|UN|308|0|0|500|1102|10|0|0|0|0|0|0|||||||70||||||70|||||||
|C190|500|1102|0|2845,05|0|0|0|0|0|0||
|C190|102|1102|0|72|0|0|0|0|0|0||
|C195|829||
|C100|0|1|5b0d4cc9dd5d36210c5a5862|55|00|001|1892|28181100659295000293550010000018921000018923|06112018|06112018|2622|0|0|0|2622|9|0|0|0|0|0|0|0|0|0|0|0|0|
|C170|1|11792|COXINHA|150|UN|120|0|0|040|1102|10|0|0|0|0|0|0|||||||98|0|0||0|0|98|0|0||0|0||
|C170|2|11794|PASTEL DE FRANGO|180|UN|144|0|0|040|1102|10|0|0|0|0|0|0|||||||98|0|0||0|0|98|0|0||0|0||
|C170|3|11796|CAMARAO EMPANADO|100|UN|95|0|0|040|1126|10|0|0|0|0|0|0|||||||98|0|0||0|0|98|0|0||0|0||
|C170|4|11795|CANUD FRANGO|140|UN|133|0|0|040|1102|10|0|0|0|0|0|0|||||||98|0|0||0|0|98|0|0||0|0||
|C170|5|11807|PAO DE QUEIJO|600|UN|390|0|0|040|1102|10|0|0|0|0|0|0|||||||98|0|0||0|0|98|0|0||0|0||
|C170|6|12212|BOLO DE CENOURA|10|UN|130|0|0|040|1102|10|0|0|0|0|0|0|||||||70||||||70|||||||
|C170|7|12213|BOLO DE OVOS|10|UN|130|0|0|040|1102|10|0|0|0|0|0|0|||||||70||||||70|||||||
|C170|8|12334|BOLO FORMIGUEIRO|10|UN|130|0|0|040|1102|10|0|0|0|0|0|0|||||||70||||||70|||||||
|C170|9|12335|TSFGO RED 5225CM|4|UN|192|0|0|040|1102|10|0|0|0|0|0|0|||||||70||||||70|||||||
|C170|10|11799|TORTA RET 9740X26|1|UN|105|0|0|040|1102|10|0|0|0|0|0|0|||||||98|0|0||0|0|98|0|0||0|0||
|C170|11|11798|TORTA RED 48 25CM|3|UN|156|0|0|040|1126|10|0|0|0|0|0|0|||||||98|0|0||0|0|98|0|0||0|0||
|C170|12|12336|TORTA RET 12045X30|2|UN|240|0|0|040|1102|10|0|0|0|0|0|0|||||||70||||||70|||||||
|C170|13|11805|CONF RET 22060X40|1|UN|235|0|0|040|1102|10|0|0|0|0|0|0|||||||98|0|0||0|0|98|0|0||0|0||
|C170|14|12016|CONF RET 13045X30|1|UN|130|0|0|040|1102|10|0|0|0|0|0|0|||||||70||||||70|||||||
|C170|15|11802|TORTA RED 6530CM|4|UN|272|0|0|040|1102|10|0|0|0|0|0|0|||||||98|0|0||0|0|98|0|0||0|0||
|C170|16|11806|DESENHO 10|2|UN|20|0|0|040|1102|10|0|0|0|0|0|0|||||||98|0|0||0|0|98|0|0||0|0||
|C190|040|1102|0|2371|0|0|0|0|0|0||
|C190|040|1126|0|251|0|0|0|0|0|0||
|C195|830||
|C100|0|1|5b0d4cc9dd5d36210c5a5799|55|00|001|71366|28181110483444003013550010000713661612616927|06112018|06112018|169,29|0|0|0|169,29|0|0|0|0|169,29|30,47|0|0|0|0|0|0|0|
|C170|1|10575|LEITE CONDENSADO BETA 395G|81|UN|169,29|0|0|000|1102|10|169,29|18|30,47|0|0|0|||||||70||||||70|||||||
|C190|000|1102|18|169,29|169,29|30,47|0|0|0|0||
|C195|831||
|C100|0|1|5b0d4cc9dd5d36210c5a5799|55|00|001|71369|28181110483444003013550010000713691242950030|06112018|06112018|6617,6|1|0|0|6615|0|0|0|2,6|6617,6|1191,17|0|0|0|0|0|0|0|
|C170|1|10575|LEITE CONDENSADO BETA 395G|1350|UN|4320|0|0|000|1102|10|4321,7|18|777,91|0|0|0|||||||70||||||70|||||||
|C170|2|10249|CREME DE LEITE BETA 200G|1350|UN|2295|0|0|000|1102|10|2295,9|18|413,26|0|0|0|||||||70||||||70|||||||
|C190|000|1102|18|6617,6|6617,6|1191,17|0|0|0|0||
|C195|832||
|C100|0|1|5b0d4cc9dd5d36210c5a572c|55|00|001|3427963|26181124150377000195550010034279631043473636|07112018|07112018|1850|0|0|0|1850|0|0|0|0|1850|74|0|0|0|0|0|0|0|
|C170|1|10546|FILE PX POLACA BACALANOR PAC1KG CX10KG|100|UN|1850|0|0|100|1102|10|1850|4|74|0|0|0|||||||70||||||70|||||||
|C190|100|1102|4|1850|1850|74|0|0|0|0||
|C195|833||
|C100|0|1|5b0d4cc9dd5d36210c5a57af|55|00|001|180946|28181110667481000490550010001809461111007114|07112018|07112018|1692,35|1|0|0|1692,35|9|0|0|0|310|55,8|0|0|0|0|0|0|0|
|C170|1|12337|QUEIJO RALADO PARMESAO RETTIS 20X50GR|10|UN|310|0|0|000|1102|10|310|18|55,8|0|0|0|||||||70||||||70|||||||
|C170|2|10422|CARNE BVBUCHO FRINENSE KG|100,17|KG|1382,35|0|0|060|1102|10|0|0|0|0|0|0|||||||70||||||70|||||||
|C190|000|1102|18|310|310|55,8|0|0|0|0||
|C190|060|1102|0|1382,35|0|0|0|0|0|0||
|C195|834||
|C100|0|1|5b0d4cc9dd5d36210c5a5767|55|00|003|1592140|28181103636036000316550030015921401008420215|07112018|07112018|32564,69|1|0|0|31702,11|0|0|0|0|31702,11|5706,38|0|0|0|0|0|0|0|
|C170|1|10956|FILE DE PMERLUZA INTERFIMP EL MARISCO 7KG3|48|UN|5997,6|0|0|100|1102|10|5997,6|18|1079,57|0|0|0|||||||70||||||70|||||||
|C170|2|12338|ACUCAR SACHET GUARANI JUNIOR 996X5G CX996|10|CX|269,5|0|0|000|1102|10|269,5|18|48,51|0|0|0|||||||70||||||70|||||||
|C170|3|12339|AZEITONA VERDE INT SH 24X100G HADA 24X100G CX24|3|CX|98,28|0|0|500|1102|10|98,28|18|17,69|0|0|0|||||||70||||||70|||||||
|C170|4|12148|AZEITONA VERDE INT SH 12X200G HADA 12X200G|3|CX|86,97|0|0|500|1102|10|86,97|18|15,65|0|0|0|||||||70||||||70|||||||
|C170|5|6860|EXTRATO TOMATE "AJINOMOTO" AJINOMOTO 2KG|160|UN|1918,4|0|0|000|1102|10|1918,4|18|345,32|0|0|0|||||||70||||||70|||||||
|C170|6|12308|FILE PEITO FRANGO INDIVIDUAL SOMAVE 18KG|112|CX|16926,56|0|0|010|1102|10|16926,56|18|3046,78|0|0|0|||||||70||||||70|||||||
|C170|7|12340|AMEIXA SSCAROCO ARG132154 DOTTORI 10KG|4|CX|374,8|0|0|100|1102|10|374,8|18|67,46|0|0|0|||||||70||||||70|||||||
|C170|8|12309|COXASOBRECOXA DE FINDIV SABOROSO 20KG|55|CX|5742|0|0|010|1102|10|5742|18|1033,56|0|0|0|||||||70||||||70|||||||
|C170|9|10163|CALDO SAZON GALINHA PROF 1,1KG AJINOMOTO 1,1 KG6|30|UN|288|0|0|500|1102|10|288|18|51,84|0|0|0|||||||70||||||70|||||||
|C190|100|1102|18|6372,4|6372,4|1147,03|0|0|0|0||
|C190|000|1102|18|2187,9|2187,9|393,83|0|0|0|0||
|C190|500|1102|18|473,25|473,25|85,18|0|0|0|0||
|C190|010|1102|18|23531,14|22668,56|4080,34|0|0|0|0||
|C195|721|Base de cálculo do ICMSST: R$27460,69, Valor do ICMSST: R$862,58|
|C195|835||
|C100|0|1|5b0d4cc9dd5d36210c5a5751|55|00|001|665687|28181107488144000188550010006656871111007112|07112018|07112018|2661,14|1|0|0|2661,14|0|0|0|0|2160|388,8|0|0|0|0|0|0|0|
|C170|1|10664|CR SUI PERNIL SEM OSSO CONG SEARA CX18 A 25KG|62,8|KG|501,14|0|0|010|1102|10|0|0|0|0|0|0|||||||70||||||70|||||||
|C170|2|11670|MARGARINA PREDILETA 15KG|30|UN|2160|0|0|010|1102|10|2160|18|388,8|0|0|0|||||||70||||||70|||||||
|C190|010|1102|0|501,14|0|0|0|0|0|0||
|C190|010|1102|18|2160|2160|388,8|0|0|0|0||
|C195|836||
|C100|0|1|5b0d4cc9dd5d36210c5a58b0|55|00|001|679516|28181132868002000274550010006795161109520570|07112018|07112018|7,35|0|0|0|7,35|9|0|0|0|7,35|1,32|0|0|0|0|0|0|0|
|C170|1|12423|PRIME EZ9F33116 DISJ UNIP 16A CURVA C|1|UN|7,35|0|0|000|1102|10|7,35|18|1,32|0|0|0|||||||70||||||70|||||||
|C190|000|1102|18|7,35|7,35|1,32|0|0|0|0||
|C195|837||
|C100|0|1|5b0d4cc9dd5d36210c5a573c|55|00|001|350513|28181103624188000137550010003505131111007116|07112018|07112018|399,21|0|0|0|399,21|1|0|0|0|399,21|71,86|0|0|0|0|0|0|0|
|C170|1|12326|KIT POTETA PALIM PRT220 PLASZOM|0,05|UN|12,14|0|0|500|1102|10|12,14|18|2,19|0|0|0|||||||70||||||70|||||||
|C170|2|12327|KIT POTETA PALIM PRT145 PLASZOM|0,05|UN|8,1|0|0|000|1102|10|8,1|18|1,46|0|0|0|||||||70||||||70|||||||
|C170|3|11568|TAMPA ARTICULADA BRANCO H02|10|UN|178,08|0|0|000|1102|10|178,08|18|32,05|0|0|0|||||||70||||||70|||||||
|C170|4|12328|GUARDANAPO MATAPOA SEDA 14X14 C10PC|7|PC|49,29|0|0|000|1102|10|49,29|18|8,87|0|0|0|||||||70||||||70|||||||
|C170|5|10294|GUARDANAPO CREPEURO VIP 22X20 C42U50FL|1|CX|25,09|0|0|000|1102|10|25,09|18|4,52|0|0|0|||||||70||||||70|||||||
|C170|6|12329|FILME EMBALM AMA100 380X9X800 GUARU|1|UN|47,46|0|0|000|1102|10|47,46|18|8,54|0|0|0|||||||70||||||70|||||||
|C170|7|12330|CATCHUP LANCHERO PET 3KG|6|UN|38,84|0|0|000|1102|10|38,84|18|6,99|0|0|0|||||||70||||||70|||||||
|C170|8|12331|LIXEIRA PEDAL 14L INPLAST|1|UN|15,34|0|0|000|1102|10|15,34|18|2,76|0|0|0|||||||70||||||70|||||||
|C170|9|12332|LUVA VINIFLEX VABENE  G  C100UN|1|UN|12,7|0|0|200|1102|10|12,7|18|2,29|0|0|0|||||||70||||||70|||||||
|C170|10|12333|DOCE DE LEITE TABLETE CAMPONESA 200G|4|UN|12,17|0|0|000|1102|10|12,17|18|2,19|0|0|0|||||||70||||||70|||||||
|C190|500|1102|18|12,14|12,14|2,19|0|0|0|0||
|C190|000|1102|18|374,37|374,37|67,38|0|0|0|0||
|C190|200|1102|18|12,7|12,7|2,29|0|0|0|0||
|C195|838||
|C100|0|1|5b0d4cc9dd5d36210c5a579c|55|00|001|8895|28181118656923000323550010000088951000010110|07112018|07112018|713,4|1|0|0|713,4|0|0|0|0|0|0|0|0|0|0|0|0|0|
|C170|1|7461|PRE NAN 400GR  REF: 12094297 No Lote:|20|UN|713,4|0|0|241|1102|10|0|0|0|0|0|0|||||||70||||||70|||||||
|C190|241|1102|0|713,4|0|0|0|0|0|0||
|C195|839||
|C100|0|1|5b0d4cc9dd5d36210c5a579c|55|00|001|8896|28181118656923000323550010000088961000010117|07112018|07112018|713,4|0|0|0|713,4|0|0|0|0|713,4|128,41|0|0|0|0|0|0|0|
|C170|1|7461|PRE NAN 400GR  REF: 12094297 No Lote:|20|UN|713,4|0|0|200|1102|10|713,4|18|128,41|0|0|0|||||||70||||||70|||||||
|C190|200|1102|18|713,4|713,4|128,41|0|0|0|0||
|C195|768||
|C100|0|1|5b0d4cc9dd5d36210c5a579c|55|00|001|8897|28181118656923000323550010000088971000010122|07112018|07112018|5456,4|0|0|0|5456,4|0|0|0|0|5456,4|982,15|0|0|0|0|0|0|0|
|C170|1|7682|ALFAMINO 400GR  REF: 12192453 No Lote|24|UN|5456,4|0|0|200|1102|10|5456,4|18|982,15|0|0|0|||||||70||||||70|||||||
|C190|200|1102|18|5456,4|5456,4|982,15|0|0|0|0||
|C195|840||
|C100|0|1|5b0d4cc9dd5d36210c5a5884|55|00|001|404323|28181175315333010929550010004043231006577025|07112018|07112018|126|0|0|0|126|0|0|0|0|0|0|0|0|0|0|0|0|0|
|C170|1|175|OLEO SOJA SOYA PET CXA 1 X 20 900ML|2|CX|126|0|0|060|1102|10|0|0|0|0|0|0|||||||70||||||70|||||||
|C190|060|1102|0|126|0|0|0|0|0|0||
|C195|841||
|C100|0|1|5b0d4cc9dd5d36210c5a5884|55|00|001|404324|28181175315333010929550010004043241006577049|07112018|07112018|2391,6|0|0|0|2391,6|0|0|0|0|381,6|68,69|0|0|0|0|0|0|0|
|C170|1|12325|FOSFORO PINHEIRO FDO 6 X 20 10UND|2|UN|381,6|0|0|000|1102|10|381,6|18|68,69|0|0|0|||||||70||||||70|||||||
|C170|2|175|OLEO SOJA SOYA PET CXA 1 X 20 900ML|30|CX|2010|0|0|060|1102|10|0|0|0|0|0|0|||||||70||||||70|||||||
|C190|000|1102|18|381,6|381,6|68,69|0|0|0|0||
|C190|060|1102|0|2010|0|0|0|0|0|0||
|C195|841||
|C100|0|1|5b0d4cc9dd5d36210c5a57ab|55|00|001|375127|28181107750620000197550010003751271111007110|07112018|07112018|2535,9|1|0|0|2535,9|0|0|0|0|88|15,84|0|0|0|0|0|0|0|
|C170|1|1213|BISC AGUA VITADELLA 20X400|30|CX|1796,4|0|0|060|1102|10|0|0|0|0|0|0|||||||70||||||70|||||||
|C170|2|12239|ESPON BRILHUS 1X60UN|5|CX|88|0|0|000|1102|10|88|18|15,84|0|0|0|||||||70||||||70|||||||
|C170|3|9082|MACARRAO PLASANHA VITARELLA 20X500G|10|CX|651,5|0|0|060|1102|10|0|0|0|0|0|0|||||||70||||||70|||||||
|C190|060|1102|0|2447,9|0|0|0|0|0|0||
|C190|000|1102|18|88|88|15,84|0|0|0|0||
|C195|842||
|C100|0|1|5b0d4cc9dd5d36210c5a58df|55|00|001|10916|28181110404357000199550010000109161000109162|08112018|08112018|5119,72|1|0|0|5119,72|9|0|0|0|0|0|0|0|0|0|0|0|0|
|C170|1|8229|SACOS 15 X 30 X 2,0 PEAD|105|UN|1256,85|0|0|400|1102|10|0|0|0|0|0|0|||||||70||||||70|||||||
|C170|2|7812|SACOS 53 X 80 X 8,0 PEBD SANFONADO|5,9|UN|2905,87|0|0|400|1102|10|0|0|0|0|0|0|||||||70||||||70|||||||
|C170|3|8233|SACOS 6,0 X 25 X 2,2 PEAD|150|UN|957|0|0|400|1102|10|0|0|0|0|0|0|||||||70||||||70|||||||
|C190|400|1102|0|5119,72|0|0|0|0|0|0||
|C195|843||
|C100|0|1|5b0d4cc9dd5d36210c5a579c|55|00|001|8902|28181118656923000323550010000089021000010124|08112018|08112018|4273|1|0|0|4273|0|0|0|0|4273|769,14|0|0|0|0|0|0|0|
|C170|1|11028|BIOFRASCONUTRI ENTERAL 300ML No Lote: L167497Data: 20221116|900|UN|693|0|0|000|1102|10|693|18|124,74|0|0|0|||||||70||||||70|||||||
|C170|2|11021|EQL E NS Y NO LUER LF 2001  REF: 10008228 No Lote: EQP1778453Data: 20220930|200|UN|3000|0|0|000|1102|10|3000|18|540|0|0|0|||||||70||||||70|||||||
|C170|3|10708|BIOEQUIPO C FILTRO AR No Lote: BWC1010616Data: 20180930|400|UN|580|0|0|100|1102|10|580|18|104,4|0|0|0|||||||70||||||70|||||||
|C190|000|1102|18|3693|3693|664,74|0|0|0|0||
|C190|100|1102|18|580|580|104,4|0|0|0|0||
|C195|772||
|C100|0|1|5b0d4cc9dd5d36210c5a5793|55|00|001|134748|28181132838716000159550010001347481345209480|08112018|08112018|7359,6|0|0|0|7359,6|0|0|0|0|7359,6|1324,73|0|0|0|0|0|0|0|
|C170|1|10761|GLUCERNA 1,5 RTH 1000ML LT|80|LT|6220,8|0|0|200|1102|10|6220,8|18|1119,74|0|0|0|||||||70||||||70|||||||
|C170|2|7449|GLUCERNA RPB BAUNILHA 200ML PACK UND|48|UN|427,2|0|0|200|1102|10|427,2|18|76,9|0|0|0|||||||70||||||70|||||||
|C170|3|7453|OSMOLITE PLUS HN RTH 1000ML LT|24|LT|711,6|0|0|200|1102|10|711,6|18|128,09|0|0|0|||||||70||||||70|||||||
|C190|200|1102|18|7359,6|7359,6|1324,73|0|0|0|0||
|C195|844||
|C100|0|1|5b0d4cc9dd5d36210c5a579c|55|00|001|8903|28181118656923000323550010000089031000010121|08112018|08112018|8411,03|1|0|0|8411,03|0|0|0|0|0|0|0|0|0|0|0|0|0|
|C170|1|7499|ISOSOURCE 1,5 1000ML  REF: 12127764 No|120|UN|3369,6|0|0|541|1102|10|0|0|0|0|0|0|||||||70||||||70|||||||
|C170|2|7501|NOVASOURCE GC 15 SF 1000ML  REF: 12234|36|UN|2754|0|0|541|1102|10|0|0|0|0|0|0|||||||70||||||70|||||||
|C170|3|7012|NUTREN 20 200ML VITAMINA DE FRUTAS  RE|54|UN|494,1|0|0|541|1102|10|0|0|0|0|0|0|||||||70||||||70|||||||
|C170|4|11481|NOVASOURCE PROLINE 27X200M No Lote: 8006046052Data: 20190101|54|UN|850,5|0|0|541|1102|10|0|0|0|0|0|0|||||||70||||||70|||||||
|C170|5|9482|GLUTAMAX CX 20 SACHES 5GR|1|UN|40,8|0|0|041|1102|10|0|0|0|0|0|0|||||||70||||||70|||||||
|C170|6|8789|SIMFORT CX 30 SACHES 2GR|2|UN|210,32|0|0|041|1102|10|0|0|0|0|0|0|||||||70||||||70|||||||
|C170|7|10190|NESTOGENO 2 400GR  REF: 12183204 No Lote: 7079046041Data: 20180601|3|UN|35,61|0|0|541|1102|10|0|0|0|0|0|0|||||||70||||||70|||||||
|C170|8|7340|NUTREN SENIOR 200ML MIX DE FRUTAS  REF:|54|UN|656,1|0|0|041|1102|10|0|0|0|0|0|0|||||||70||||||70|||||||
|C190|541|1102|0|7503,81|0|0|0|0|0|0||
|C190|041|1102|0|907,22|0|0|0|0|0|0||
|C195|845||
|C100|0|1|5b0d4cc9dd5d36210c5a579c|55|00|001|8904|28181118656923000323550010000089041000010129|08112018|08112018|8411,03|0|0|0|8411,03|0|0|0|0|8411,03|1513,99|0|0|0|0|0|0|0|
|C170|1|7499|ISOSOURCE 1,5 1000ML  REF: 12127764 No|120|UN|3369,6|0|0|500|1102|10|3369,6|18|606,53|0|0|0|||||||70||||||70|||||||
|C170|2|7501|NOVASOURCE GC 15 SF 1000ML  REF: 12234|36|UN|2754|0|0|500|1102|10|2754|18|495,72|0|0|0|||||||70||||||70|||||||
|C170|3|7012|NUTREN 20 200ML VITAMINA DE FRUTAS  RE|54|UN|494,1|0|0|500|1102|10|494,1|18|88,94|0|0|0|||||||70||||||70|||||||
|C170|4|11481|NOVASOURCE PROLINE 27X200M No Lote: 8006046052Data: 20190101|54|UN|850,5|0|0|500|1102|10|850,5|18|153,09|0|0|0|||||||70||||||70|||||||
|C170|5|9482|GLUTAMAX CX 20 SACHES 5GR|1|UN|40,8|0|0|000|1102|10|40,8|18|7,34|0|0|0|||||||70||||||70|||||||
|C170|6|8789|SIMFORT CX 30 SACHES 2GR|2|UN|210,32|0|0|000|1102|10|210,32|18|37,86|0|0|0|||||||70||||||70|||||||
|C170|7|10190|NESTOGENO 2 400GR  REF: 12183204 No Lote: 7079046041Data: 20180601|3|UN|35,61|0|0|500|1102|10|35,61|18|6,41|0|0|0|||||||70||||||70|||||||
|C170|8|7340|NUTREN SENIOR 200ML MIX DE FRUTAS  REF:|54|UN|656,1|0|0|000|1102|10|656,1|18|118,1|0|0|0|||||||70||||||70|||||||
|C190|500|1102|18|7503,81|7503,81|1350,69|0|0|0|0||
|C190|000|1102|18|907,22|907,22|163,3|0|0|0|0||
|C195|846||
|C100|0|1|5b0d4cc9dd5d36210c5a596a|55|00|001|689|28181129855950000180550010000006891055880856|08112018|08112018|426,6|0|0|0|426,6|0|0|0|0|0|0|0|0|0|0|0|0|0|
|C170|1|11855|HDMAX 200 ML|27|PC|426,6|0|0|900|1102|10|0|0|0|0|0|0|||||||98|0|0||0|0|98|0|0||0|0||
|C190|900|1102|0|426,6|0|0|0|0|0|0||
|C195|847||
|C100|0|1|5b0d4cc9dd5d36210c5a5793|55|00|001|134751|28181132838716000159550010001347511434510513|08112018|08112018|7359,6|1|0|0|7359,6|0|0|0|0|0|0|0|0|0|0|0|0|0|
|C170|1|10762|ABBOTT GLUCERNA 15 RTH 1000ML LT|80|LT|6220,8|0|0|200|1102|10|0|0|0|0|0|0|||||||70||||||70|||||||
|C170|2|6331|ABBOTT ENSURE PROTEINA RPB BAUNILHA 220M|48|UN|427,2|0|0|000|1102|10|0|0|0|0|0|0|||||||70||||||70|||||||
|C170|3|6356|ABBOTT OSMOLITE HN PLUS RTH 1000ML LT|24|LT|711,6|0|0|000|1102|10|0|0|0|0|0|0|||||||70||||||70|||||||
|C190|200|1102|0|6220,8|0|0|0|0|0|0||
|C190|000|1102|0|1138,8|0|0|0|0|0|0||
|C195|848||
|C100|0|1|5b0d4cc9dd5d36210c5a596a|55|00|001|690|28181129855950000180550010000006901014230190|08112018|08112018|426,6|1|0|0|426,6|0|0|0|0|0|0|0|0|0|0|0|0|0|
|C170|1|11855|HDMAX 200 ML|27|PC|426,6|0|0|102|1102|10|0|0|0|0|0|0|||||||98|0|0||0|0|98|0|0||0|0||
|C190|102|1102|0|426,6|0|0|0|0|0|0||
|C195|849||
|C100|0|1|5b0d4cc9dd5d36210c5a596a|55|00|001|691|28181129855950000180550010000006911277705692|08112018|08112018|4973,47|0|0|0|4973,47|0|0|0|0|0|0|0|0|0|0|0|0|0|
|C170|1|11588|FRESUBIN HP ENERGY 1000 ML EB|40|PC|1080|0|0|900|1102|10|0|0|0|0|0|0|||||||70||||||70|||||||
|C170|2|11666|FRESUBIN ORIGINAL FSMP 1000 ML L EB IN|8|PC|227,52|0|0|900|1102|10|0|0|0|0|0|0|||||||70||||||70|||||||
|C170|3|11891|FRESUBIN LIPID EB 500 ML|30|PC|1060,8|0|0|900|1102|10|0|0|0|0|0|0|||||||98|0|0||0|0|98|0|0||0|0||
|C170|4|11582|FREBINI ENERGY  500 ML|15|PC|494,1|0|0|900|1102|10|0|0|0|0|0|0|||||||70||||||70|||||||
|C170|5|11583|FRESUBIN PROTEIN POWDER|3|PT|216|0|0|900|1102|10|0|0|0|0|0|0|||||||70||||||70|||||||
|C170|6|11589|FREBINI ORIGINAL  500 ML|15|PC|508,35|0|0|900|1102|10|0|0|0|0|0|0|||||||70||||||70|||||||
|C170|7|12014|FRESUBIN 5KCAL SHOT DRINK CREME 120ML|5|CX|130|0|0|900|1102|10|0|0|0|0|0|0|||||||70||||||70|||||||
|C170|8|11641|FRESUBIN 2KCAL HP FIBRE 500ML|30|BL|1256,7|0|0|900|1102|10|0|0|0|0|0|0|||||||70||||||70|||||||
|C190|900|1102|0|4973,47|0|0|0|0|0|0||
|C195|850||
|C100|0|1|5b0d4cc9dd5d36210c5a596a|55|00|001|692|28181129855950000180550010000006921612693368|08112018|08112018|4973,47|1|0|0|4973,47|0|0|0|0|0|0|0|0|0|0|0|0|0|
|C170|1|11588|FRESUBIN HP ENERGY 1000 ML EB|40|PC|1080|0|0|102|1102|10|0|0|0|0|0|0|||||||70||||||70|||||||
|C170|2|11666|FRESUBIN ORIGINAL FSMP 1000 ML L EB IN|8|PC|227,52|0|0|102|1102|10|0|0|0|0|0|0|||||||70||||||70|||||||
|C170|3|11891|FRESUBIN LIPID EB 500 ML|30|PC|1060,8|0|0|102|1102|10|0|0|0|0|0|0|||||||98|0|0||0|0|98|0|0||0|0||
|C170|4|11582|FREBINI ENERGY  500 ML|15|PC|494,1|0|0|102|1102|10|0|0|0|0|0|0|||||||70||||||70|||||||
|C170|5|11583|FRESUBIN PROTEIN POWDER|3|PT|216|0|0|102|1102|10|0|0|0|0|0|0|||||||70||||||70|||||||
|C170|6|11589|FREBINI ORIGINAL  500 ML|15|PC|508,35|0|0|102|1102|10|0|0|0|0|0|0|||||||70||||||70|||||||
|C170|7|12014|FRESUBIN 5KCAL SHOT DRINK CREME 120ML|5|CX|130|0|0|102|1102|10|0|0|0|0|0|0|||||||70||||||70|||||||
|C170|8|11641|FRESUBIN 2KCAL HP FIBRE 500ML|30|BL|1256,7|0|0|102|1102|10|0|0|0|0|0|0|||||||70||||||70|||||||
|C190|102|1102|0|4973,47|0|0|0|0|0|0||
|C195|851||
|C100|0|1|5b0d4cc9dd5d36210c5a596a|55|00|001|693|28181129855950000180550010000006931051330447|08112018|08112018|5673,57|1|0|0|5673,57|0|0|0|0|0|0|0|0|0|0|0|0|0|
|C170|1|11580|FRESUBIN PROTEIN ENERGY DRINK  VANILA|24|PC|209,04|0|0|102|1102|10|0|0|0|0|0|0|||||||70||||||70|||||||
|C170|2|11581|FRESUBIN PROTEIN ENERGY DRINK  CHOCOLAT|24|PC|209,04|0|0|102|1102|10|0|0|0|0|0|0|||||||70||||||70|||||||
|C170|3|11583|FRESUBIN PROTEIN POWDER|9|PT|648|0|0|102|1102|10|0|0|0|0|0|0|||||||70||||||70|||||||
|C170|4|11584|FRESUBIN 2KCAL HP|90|PC|3770,1|0|0|102|1102|10|0|0|0|0|0|0|||||||70||||||70|||||||
|C170|5|11709|FRESUBIN PROTEIN ENERGY DRINK ABACAXI|24|PC|209,04|0|0|102|1102|10|0|0|0|0|0|0|||||||70||||||70|||||||
|C170|6|11641|FRESUBIN 2KCAL HP FIBRE 500ML|15|BL|628,35|0|0|102|1102|10|0|0|0|0|0|0|||||||70||||||70|||||||
|C190|102|1102|0|5673,57|0|0|0|0|0|0||
|C195|852||
|C100|0|1|5b0d4cc9dd5d36210c5a57b9|55|00|001|43902|28181107925203000138550010000439021077218132|08112018|08112018|300|0|0|0|300|0|0|0|0|0|0|0|0|0|0|0|0|0|
|C170|1|7548|GLUTAMAX 10 GR|30|UN|120|0|0|900|1102|10|0|0|0|0|0|0|||||||70||||||70|||||||
|C170|2|7938|SIMFORT 2G  30 SACHES|2|CX|180|0|0|900|1102|10|0|0|0|0|0|0|||||||70||||||70|||||||
|C190|900|1102|0|300|0|0|0|0|0|0||
|C195|853||
|C100|0|1|5b0d4cc9dd5d36210c5a57b9|55|00|001|43903|28181107925203000138550010000439031599040022|08112018|08112018|300|1|0|0|300|0|0|0|0|0|0|0|0|0|0|0|0|0|
|C170|1|7548|GLUTAMAX 10 GR|30|UN|120|0|0|102|1102|10|0|0|0|0|0|0|||||||70||||||70|||||||
|C170|2|7938|SIMFORT 2G  30 SACHES|2|CX|180|0|0|102|1102|10|0|0|0|0|0|0|||||||70||||||70|||||||
|C190|102|1102|0|300|0|0|0|0|0|0||
|C195|854||
|C100|0|1|5b0d4cc9dd5d36210c5a579c|55|00|001|8909|28181118656923000323550010000089091000010133|08112018|08112018|3526,8|1|0|0|3526,8|0|0|0|0|0|0|0|0|0|0|0|0|0|
|C170|1|7500|PEPTAMEN HN SF 500ML  REF: 12183044 No|42|UN|2856|0|0|241|1102|10|0|0|0|0|0|0|||||||70||||||70|||||||
|C170|2|8011|PEPTAMEN JUNIOR 400GR  REF: 12191037 N|4|UN|670,8|0|0|241|1102|10|0|0|0|0|0|0|||||||70||||||70|||||||
|C190|241|1102|0|3526,8|0|0|0|0|0|0||
|C195|855||
|C100|0|1|5b0d4cc9dd5d36210c5a579c|55|00|001|8910|28181118656923000323550010000089101000010134|08112018|08112018|3526,8|0|0|0|3526,8|0|0|0|0|3526,8|634,82|0|0|0|0|0|0|0|
|C170|1|7500|PEPTAMEN HN SF 500ML  REF: 12183044 No|42|UN|2856|0|0|200|1102|10|2856|18|514,08|0|0|0|||||||70||||||70|||||||
|C170|2|8011|PEPTAMEN JUNIOR 400GR  REF: 12191037 N|4|UN|670,8|0|0|200|1102|10|670,8|18|120,74|0|0|0|||||||70||||||70|||||||
|C190|200|1102|18|3526,8|3526,8|634,82|0|0|0|0||
|C195|846||
|C100|0|1|5b0d4cc9dd5d36210c5a57bd|55|00|001|60765|28181105893097000122550010000607651116000399|08112018|08112018|798,5|1|0|0|798,5|3|0|0|0|0|0|0|0|0|0|0|0|0|
|C170|1|11841|APTAMIL 1 PROFUTURA 400G|7|UN|80,5|0|0|200|1102|10|0|0|0|0|0|0|||||||98|0|0||0|0|98|0|0||0|0||
|C170|2|5887|NEOCATE LCP UPGRADE LT400G|3|UN|480|0|0|200|1102|10|0|0|0|0|0|0|||||||70||||||70|||||||
|C170|3|1538|PREGOMIN PEPTI 400G|2|LT|238|0|0|200|1102|10|0|0|0|0|0|0|||||||70||||||70|||||||
|C190|200|1102|0|798,5|0|0|0|0|0|0||
|C195|856||
|C100|0|1|5b0d4cc9dd5d36210c5a57bd|55|00|001|60766|28181105893097000122550010000607661454252467|08112018|08112018|798,5|0|0|0|798,5|0|0|0|0|798,5|143,73|0|0|0|0|0|0|0|
|C170|1|11841|APTAMIL 1 PROFUTURA 400G|7|UN|80,5|0|0|200|1102|10|80,5|18|14,49|0|0|0|||||||98|0|0||0|0|98|0|0||0|0||
|C170|2|5887|NEOCATE LCP UPGRADE LT400G|3|UN|480|0|0|200|1102|10|480|18|86,4|0|0|0|||||||70||||||70|||||||
|C170|3|1538|PREGOMIN PEPTI 400G|2|LT|238|0|0|200|1102|10|238|18|42,84|0|0|0|||||||70||||||70|||||||
|C190|200|1102|18|798,5|798,5|143,73|0|0|0|0||
|C195|768||
|C100|0|1|5b0d4cc9dd5d36210c5a57bd|55|00|001|60768|28181105893097000122550010000607681650873589|08112018|08112018|3129,44|1|0|0|3129,44|3|0|0|0|0|0|0|0|0|0|0|0|0|
|C170|1|7467|CUBITAN BAUNILHA 200ML|48|UN|780|0|0|200|1102|10|0|0|0|0|0|0|||||||70||||||70|||||||
|C170|2|7493|CUBITAN CHOCOLATE 200ML|24|UN|390|0|0|200|1102|10|0|0|0|0|0|0|||||||70||||||70|||||||
|C170|3|7468|CUBITAN MORANGO 200ML|48|UN|780|0|0|200|1102|10|0|0|0|0|0|0|||||||70||||||70|||||||
|C170|4|7689|FORTINI EM PO SSABOR 400G|3|LT|181,44|0|0|200|1102|10|0|0|0|0|0|0|||||||70||||||70|||||||
|C170|5|6678|NEO ADVANCED 400G|2|LT|403|0|0|200|1102|10|0|0|0|0|0|0|||||||70||||||70|||||||
|C170|6|1538|PREGOMIN PEPTI 400G|5|LT|595|0|0|200|1102|10|0|0|0|0|0|0|||||||70||||||70|||||||
|C190|200|1102|0|3129,44|0|0|0|0|0|0||
|C195|857||
|C100|0|1|5b0d4cc9dd5d36210c5a57bd|55|00|001|60769|28181105893097000122550010000607691276819930|08112018|08112018|3129,44|0|0|0|3129,44|0|0|0|0|3129,44|563,3|0|0|0|0|0|0|0|
|C170|1|7467|CUBITAN BAUNILHA 200ML|48|UN|780|0|0|200|1102|10|780|18|140,4|0|0|0|||||||70||||||70|||||||
|C170|2|7493|CUBITAN CHOCOLATE 200ML|24|UN|390|0|0|200|1102|10|390|18|70,2|0|0|0|||||||70||||||70|||||||
|C170|3|7468|CUBITAN MORANGO 200ML|48|UN|780|0|0|200|1102|10|780|18|140,4|0|0|0|||||||70||||||70|||||||
|C170|4|7689|FORTINI EM PO SSABOR 400G|3|LT|181,44|0|0|200|1102|10|181,44|18|32,66|0|0|0|||||||70||||||70|||||||
|C170|5|6678|NEO ADVANCED 400G|2|LT|403|0|0|200|1102|10|403|18|72,54|0|0|0|||||||70||||||70|||||||
|C170|6|1538|PREGOMIN PEPTI 400G|5|LT|595|0|0|200|1102|10|595|18|107,1|0|0|0|||||||70||||||70|||||||
|C190|200|1102|18|3129,44|3129,44|563,3|0|0|0|0||
|C195|790||
|C100|0|1|5b0d4cc9dd5d36210c5a596a|55|00|001|697|28181129855950000180550010000006971471970804|08112018|08112018|577,95|0|0|0|577,95|0|0|0|0|0|0|0|0|0|0|0|0|0|
|C170|1|11586|FRESUBIN HEPA EB 500 ML|15|PC|577,95|0|0|900|1102|10|0|0|0|0|0|0|||||||70||||||70|||||||
|C190|900|1102|0|577,95|0|0|0|0|0|0||
|C195|858||
|C100|0|1|5b0d4cc9dd5d36210c5a596a|55|00|001|698|28181129855950000180550010000006981733316968|08112018|08112018|577,95|1|0|0|577,95|0|0|0|0|0|0|0|0|0|0|0|0|0|
|C170|1|11586|FRESUBIN HEPA EB 500 ML|15|PC|577,95|0|0|102|1102|10|0|0|0|0|0|0|||||||70||||||70|||||||
|C190|102|1102|0|577,95|0|0|0|0|0|0||
|C195|859||
|C100|0|1|5b0d4cc9dd5d36210c5a590d|55|00|001|415|28181113189714000131550010000004151000004158|08112018|08112018|5117,5|0|0|0|5117,5|9|0|0|0|5117,5|921,15|0|0|0|0|0|0|0|
|C170|1|8278|DIANTEIRO|445|KG|5117,5|0|0|000|1102|10|5117,5|18|921,15|0|0|0|||||||70||||||70|||||||
|C190|000|1102|18|5117,5|5117,5|921,15|0|0|0|0||
|C195|860||
|C100|0|1|5b0d4cc9dd5d36210c5a5767|55|00|003|1593599|28181103636036000316550030015935991004924328|08112018|08112018|65,5|1|0|0|65,5|0|0|0|0|65,5|11,79|0|0|0|0|0|0|0|
|C170|1|11672|QUEIJO MUSSARELA ARGENTINO LA PAULINA +3,5KG6|3,68|KG|65,5|0|0|200|1102|10|65,5|18|11,79|0|0|0|||||||70||||||70|||||||
|C190|200|1102|18|65,5|65,5|11,79|0|0|0|0||
|C195|861||
|C100|0|1|5b0d4cc9dd5d36210c5a57c2|55|00|001|23312|28181107505422000168550010000233121000233125|09112018|09112018|34,5|0|0|0|34,5|9|0|0|0|34,5|6,21|0|0|0|0|0|0|0|
|C170|1|1691|POLPA DE UMBU 1KG POMAR|10|UN|34,5|0|0|000|1102|10|34,5|18|6,21|0|0|0|||||||70||||||70|||||||
|C190|000|1102|18|34,5|34,5|6,21|0|0|0|0||
|C195|768||
|C100|0|1|5b0d4cc9dd5d36210c5a5751|55|00|001|666269|28181107488144000188550010006662691111008113|08112018|09112018|973,47|1|0|0|973,47|0|0|0|0|973,47|175,22|0|0|0|0|0|0|0|
|C170|1|12356|QUEIJO MUSSARELA FRIOLACK PC4KG|49,545|KG|973,47|0|0|010|1102|10|973,47|18|175,22|0|0|0|||||||70||||||70|||||||
|C190|010|1102|18|973,47|973,47|175,22|0|0|0|0||
|C195|862||
|C100|0|1|5b0d4cc9dd5d36210c5a594f|55|00|002|114718|29181106144792000235550020001147181156139082|08112018|09112018|1090|1|0|0|1090|3|0|0|0|1090|130,8|0|0|0|0|0|0|0|
|C170|1|11274|RICOTA FRESCA FEDERICCI 0,350GR MG|100|KG|1090|0|0|000|1102|10|1090|12|130,8|0|0|0|||||||70||||||70|||||||
|C190|000|1102|12|1090|1090|130,8|0|0|0|0||
|C195|863||
|C100|0|1|5b0d4cc9dd5d36210c5a579c|55|00|001|8923|28181118656923000323550010000089231000010140|09112018|09112018|54,39|0|0|0|54,39|0|0|0|0|54,39|9,79|0|0|0|0|0|0|0|
|C170|1|10221|NAN SUPREME 1 400GR  REF: 12229870 No Lote: 62700742C1Data: 20180626|3|UN|54,39|0|0|200|1102|10|54,39|18|9,79|0|0|0|||||||70||||||70|||||||
|C190|200|1102|18|54,39|54,39|9,79|0|0|0|0||
|C195|864||
|C100|0|1|5b0d4cc9dd5d36210c5a594e|55|00|001|7737|26181102591442000266550010000077371000077370|09112018|09112018|8899,44|1|0|0|8090,4|0|0|0|0|8090,4|970,84|0|0|0|0|0|0|0|
|C170|1|11178|CSB602E COLHER LEVE BRANCA 20X50 CX 1000 PS|120|CX|4045,2|0|0|000|1102|10|4045,2|12|485,42|0|0|0|||||||70||||||70|||||||
|C170|2|11180|GSB502E GARFO LEVE BRANCO 20X50 CX 1000 PS|60|CX|2022,6|0|0|000|1102|10|2022,6|12|242,71|0|0|0|||||||70||||||70|||||||
|C170|3|11179|FSB702 FACA LEVE BRANCA 20X50 CX 1000 PS|60|CX|2022,6|0|0|000|1102|10|2022,6|12|242,71|0|0|0|||||||70||||||70|||||||
|C190|000|1102|12|8899,44|8090,4|970,84|0|0|0|0||
|C195|865||
|C100|0|1|5b0d4cc9dd5d36210c5a5909|55|00|051|979492|29181140499907000161550510009794921002002823|09112018|09112018|739,2|1|0|0|739,2|0|0|0|0|739,2|88,7|0|0|0|0|0|0|0|
|C170|1|11145|0000000049  NG BEB LAC MORANGO 900G CX12UN|16|CX|739,2|0|0|000|1102|10|739,2|12|88,7|0|0|0|||||||70||||||70|||||||
|C190|000|1102|12|739,2|739,2|88,7|0|0|0|0||
|C195|866||
|C100|0|1|5b0d4cc9dd5d36210c5a5769|55|00|001|73429|28181104439268000185550010000734291553074333|09112018|09112018|10523,61|1|0|0|10523,61|3|0|0|0|10523,61|1894,25|0|0|0|0|0|0|0|
|C170|1|9022|BEBIDA LACTEA MORANGO BANDEJA 540 G  10|20|CX|360|0|0|000|1102|10|360|18|64,8|0|0|0|||||||70||||||70|||||||
|C170|2|11938|QUEIJO MUSSARELA MANNA 4 KG  6 UNIDADES|289,625|KG|5010,51|0|0|000|1102|10|5010,51|18|901,89|0|0|0|||||||98|0|0||0|0|98|0|0||0|0||
|C170|3|10247|QUEIJO MUSSARELA 4 KG  6 UNIDADES|289,5|KG|5153,1|0|0|000|1102|10|5153,1|18|927,56|0|0|0|||||||70||||||70|||||||
|C190|000|1102|18|10523,61|10523,61|1894,25|0|0|0|0||
|C195|867||
|C100|0|1|5b0d4cc9dd5d36210c5a573c|55|00|001|351006|28181103624188000137550010003510061111010110|10112018|10112018|2262,11|1|0|0|2262,11|0|0|0|0|1595,41|287,17|0|0|0|0|0|0|0|
|C170|1|7582|MARGARINA BECEL CR VEG ORIG SS PTE 250G|144|UN|574,85|0|0|000|1102|10|574,85|18|103,47|0|0|0|||||||70||||||70|||||||
|C170|2|12357|COPO PP 250ML ULTRA ESTRIADO BRC2000|10|CX|666,7|0|0|060|1102|10|0|0|0|0|0|0|||||||70||||||70|||||||
|C170|3|210|CHA DE BOLDO MARATA C10UN|144|UN|249,1|0|0|000|1102|10|249,1|18|44,84|0|0|0|||||||70||||||70|||||||
|C170|4|11505|COCO RALADO INTEGSACHE 100G PRAMESA|120|UN|254,88|0|0|300|1102|10|254,88|18|45,88|0|0|0|||||||70||||||70|||||||
|C170|5|12294|PAPEL HIGFOFEX SOFT AZUL 16X4 30M|4|UN|91,8|0|0|000|1102|10|91,8|18|16,52|0|0|0|||||||70||||||70|||||||
|C170|6|10791|SACO BD 53X80X12 SANFLISO|0,2|UN|153,4|0|0|000|1102|10|153,4|18|27,61|0|0|0|||||||70||||||70|||||||
|C170|7|10293|SACO AD 15X30X2,0 LISO|20|UN|271,38|0|0|000|1102|10|271,38|18|48,85|0|0|0|||||||70||||||70|||||||
|C190|000|1102|18|1340,53|1340,53|241,29|0|0|0|0||
|C190|060|1102|0|666,7|0|0|0|0|0|0||
|C190|300|1102|18|254,88|254,88|45,88|0|0|0|0||
|C195|868||
|C100|0|1|5b0d4cc9dd5d36210c5a57b9|55|00|001|43964|28181107925203000138550010000439641929915456|10112018|10112018|172,5|1|0|0|172,5|0|0|0|0|0|0|0|0|0|0|0|0|0|
|C170|1|10222|SERINGA DESC SR 20 ML SAGULHA LS|250|UN|172,5|0|0|500|1102|10|0|0|0|0|0|0|||||||70||||||70|||||||
|C190|500|1102|0|172,5|0|0|0|0|0|0||
|C195|869||
|C100|0|1|5b0d4cc9dd5d36210c5a596a|55|00|001|703|28181129855950000180550010000007031218894487|10112018|10112018|230,85|1|0|0|230,85|0|0|0|0|0|0|0|0|0|0|0|0|0|
|C170|1|11892|BIOFRASCO NUTRI 100 ML|243|UN|230,85|0|0|102|1102|10|0|0|0|0|0|0|||||||98|0|0||0|0|98|0|0||0|0||
|C190|102|1102|0|230,85|0|0|0|0|0|0||
|C195|870||
|C100|0|1|5b0d4cc9dd5d36210c5a57c2|55|00|001|23337|28181107505422000168550010000233371000233370|12112018|12112018|86,25|0|0|0|86,25|9|0|0|0|86,25|15,52|0|0|0|0|0|0|0|
|C170|1|1691|POLPA DE UMBU 1KG POMAR|25|UN|86,25|0|0|000|1102|10|86,25|18|15,52|0|0|0|||||||70||||||70|||||||
|C190|000|1102|18|86,25|86,25|15,52|0|0|0|0||
|C195|768||
|C100|0|1|5b0d4cc9dd5d36210c5a5944|55|00|001|814|28181128409002000158550010000008141609440303|12112018|12112018|817|1|0|0|817|9|0|0|0|0|0|0|0|0|0|0|0|0|
|C170|1|10803|SUMA D27 BB 5L|2|UN|104|0|0|102|1102|10|0|0|0|0|0|0|||||||70||||||70|||||||
|C170|2|10959|VIREX DETERGENTE BB 5L|3|UN|219|0|0|102|1102|10|0|0|0|0|0|0|||||||70||||||70|||||||
|C170|3|10822|SUMAVEG  BD 2KG DESINFETANTE FLV EM PO|1|UN|74|0|0|102|1102|10|0|0|0|0|0|0|||||||70||||||70|||||||
|C170|4|10868|LIMPA ALUMINIO MMV|3|UN|420|0|0|102|1102|10|0|0|0|0|0|0|||||||70||||||70|||||||
|C190|102|1102|0|817|0|0|0|0|0|0||
|C195|871||
|C100|0|1|5b0d4cc9dd5d36210c5a579c|55|00|001|8931|28181118656923000323550010000089311000010150|12112018|12112018|5193|1|0|0|5193|0|0|0|0|5193|934,74|0|0|0|0|0|0|0|
|C170|1|11028|BIOFRASCONUTRI ENTERAL 300ML No Lote: L167497Data: 20221116|900|UN|693|0|0|000|1102|10|693|18|124,74|0|0|0|||||||70||||||70|||||||
|C170|2|11021|EQL E NS Y NO LUER LF 2001  REF: 10008228 No Lote: EQP1778453Data: 20220930|300|UN|4500|0|0|000|1102|10|4500|18|810|0|0|0|||||||70||||||70|||||||
|C190|000|1102|18|5193|5193|934,74|0|0|0|0||
|C195|872||
|C100|0|1|5b0d4cc9dd5d36210c5a579c|55|00|001|8932|28181118656923000323550010000089321000010158|12112018|12112018|5775,7|1|0|0|5775,7|0|0|0|0|0|0|0|0|0|0|0|0|0|
|C170|1|7501|NOVASOURCE GC 15 SF 1000ML  REF: 12234|36|UN|2754|0|0|541|1102|10|0|0|0|0|0|0|||||||70||||||70|||||||
|C170|2|8006|ISOSOURCE 1,5 SF 1000ML  REF: 9523855 N|18|UN|711|0|0|041|1102|10|0|0|0|0|0|0|||||||70||||||70|||||||
|C170|3|7340|NUTREN SENIOR 200ML MIX DE FRUTAS  REF:|27|UN|328,05|0|0|041|1102|10|0|0|0|0|0|0|||||||70||||||70|||||||
|C170|4|11481|NOVASOURCE PROLINE 27X200M No Lote: 8006046052Data: 20190101|54|UN|850,5|0|0|541|1102|10|0|0|0|0|0|0|||||||70||||||70|||||||
|C170|5|8013|RESOURCE FIBERMAIS FLORA CX 6 SACHES 5G|8|UN|421,84|0|0|041|1102|10|0|0|0|0|0|0|||||||70||||||70|||||||
|C170|6|9482|GLUTAMAX CX 20 SACHES 5GR|2|UN|81,6|0|0|041|1102|10|0|0|0|0|0|0|||||||70||||||70|||||||
|C170|7|8789|SIMFORT CX 30 SACHES 2GR|1|UN|90|0|0|041|1102|10|0|0|0|0|0|0|||||||70||||||70|||||||
|C170|8|10190|NESTOGENO 2 400GR  REF: 12183204 No Lote: 7079046041Data: 20180601|3|UN|35,61|0|0|541|1102|10|0|0|0|0|0|0|||||||70||||||70|||||||
|C170|9|8011|PEPTAMEN JUNIOR 400GR  REF: 12191037 N|3|UN|503,1|0|0|241|1102|10|0|0|0|0|0|0|||||||70||||||70|||||||
|C190|541|1102|0|3640,11|0|0|0|0|0|0||
|C190|041|1102|0|1632,49|0|0|0|0|0|0||
|C190|241|1102|0|503,1|0|0|0|0|0|0||
|C195|873||
|C100|0|1|5b0d4cc9dd5d36210c5a579c|55|00|001|8933|28181118656923000323550010000089331000010155|12112018|12112018|5775,7|0|0|0|5775,7|0|0|0|0|5775,7|1039,63|0|0|0|0|0|0|0|
|C170|1|7501|NOVASOURCE GC 15 SF 1000ML  REF: 12234|36|UN|2754|0|0|500|1102|10|2754|18|495,72|0|0|0|||||||70||||||70|||||||
|C170|2|8006|ISOSOURCE 1,5 SF 1000ML  REF: 9523855 N|18|UN|711|0|0|000|1102|10|711|18|127,98|0|0|0|||||||70||||||70|||||||
|C170|3|7340|NUTREN SENIOR 200ML MIX DE FRUTAS  REF:|27|UN|328,05|0|0|000|1102|10|328,05|18|59,05|0|0|0|||||||70||||||70|||||||
|C170|4|11481|NOVASOURCE PROLINE 27X200M No Lote: 8006046052Data: 20190101|54|UN|850,5|0|0|500|1102|10|850,5|18|153,09|0|0|0|||||||70||||||70|||||||
|C170|5|8013|RESOURCE FIBERMAIS FLORA CX 6 SACHES 5G|8|UN|421,84|0|0|000|1102|10|421,84|18|75,93|0|0|0|||||||70||||||70|||||||
|C170|6|9482|GLUTAMAX CX 20 SACHES 5GR|2|UN|81,6|0|0|000|1102|10|81,6|18|14,69|0|0|0|||||||70||||||70|||||||
|C170|7|8789|SIMFORT CX 30 SACHES 2GR|1|UN|90|0|0|000|1102|10|90|18|16,2|0|0|0|||||||70||||||70|||||||
|C170|8|10190|NESTOGENO 2 400GR  REF: 12183204 No Lote: 7079046041Data: 20180601|3|UN|35,61|0|0|500|1102|10|35,61|18|6,41|0|0|0|||||||70||||||70|||||||
|C170|9|8011|PEPTAMEN JUNIOR 400GR  REF: 12191037 N|3|UN|503,1|0|0|200|1102|10|503,1|18|90,56|0|0|0|||||||70||||||70|||||||
|C190|500|1102|18|3640,11|3640,11|655,22|0|0|0|0||
|C190|000|1102|18|1632,49|1632,49|293,85|0|0|0|0||
|C190|200|1102|18|503,1|503,1|90,56|0|0|0|0||
|C195|874||
|C100|0|1|5b0d4cc9dd5d36210c5a5793|55|00|001|134863|28181132838716000159550010001348631224510637|12112018|12112018|10061,52|0|0|0|10061,52|0|0|0|0|10061,52|1811,07|0|0|0|0|0|0|0|
|C170|1|10761|GLUCERNA 1,5 RTH 1000ML LT|112|LT|8709,12|0|0|200|1102|10|8709,12|18|1567,64|0|0|0|||||||70||||||70|||||||
|C170|2|7449|GLUCERNA RPB BAUNILHA 200ML PACK UND|72|UN|640,8|0|0|200|1102|10|640,8|18|115,34|0|0|0|||||||70||||||70|||||||
|C170|3|7453|OSMOLITE PLUS HN RTH 1000ML LT|24|LT|711,6|0|0|200|1102|10|711,6|18|128,09|0|0|0|||||||70||||||70|||||||
|C190|200|1102|18|10061,52|10061,52|1811,07|0|0|0|0||
|C195|875||
|C100|0|1|5b0d4cc9dd5d36210c5a596a|55|00|001|704|28181129855950000180550010000007041023861897|12112018|12112018|426,6|0|0|0|426,6|0|0|0|0|0|0|0|0|0|0|0|0|0|
|C170|1|11855|HDMAX 200 ML|27|PC|426,6|0|0|900|1102|10|0|0|0|0|0|0|||||||98|0|0||0|0|98|0|0||0|0||
|C190|900|1102|0|426,6|0|0|0|0|0|0||
|C195|876||
|C100|0|1|5b0d4cc9dd5d36210c5a596a|55|00|001|705|28181129855950000180550010000007051023387637|12112018|12112018|426,6|1|0|0|426,6|0|0|0|0|0|0|0|0|0|0|0|0|0|
|C170|1|11855|HDMAX 200 ML|27|PC|426,6|0|0|102|1102|10|0|0|0|0|0|0|||||||98|0|0||0|0|98|0|0||0|0||
|C190|102|1102|0|426,6|0|0|0|0|0|0||
|C195|877||
|C100|0|1|5b0d4cc9dd5d36210c5a5793|55|00|001|134869|28181132838716000159550010001348691013811690|12112018|12112018|10061,52|1|0|0|10061,52|0|0|0|0|0|0|0|0|0|0|0|0|0|
|C170|1|10762|ABBOTT GLUCERNA 15 RTH 1000ML LT|112|LT|8709,12|0|0|200|1102|10|0|0|0|0|0|0|||||||70||||||70|||||||
|C170|2|6331|ABBOTT ENSURE PROTEINA RPB BAUNILHA 220M|72|UN|640,8|0|0|000|1102|10|0|0|0|0|0|0|||||||70||||||70|||||||
|C170|3|6356|ABBOTT OSMOLITE HN PLUS RTH 1000ML LT|24|LT|711,6|0|0|000|1102|10|0|0|0|0|0|0|||||||70||||||70|||||||
|C190|200|1102|0|8709,12|0|0|0|0|0|0||
|C190|000|1102|0|1352,4|0|0|0|0|0|0||
|C195|878||
|C100|0|1|5b0d4cc9dd5d36210c5a596a|55|00|001|706|28181129855950000180550010000007061234452690|12112018|12112018|5789,65|0|0|0|5789,65|0|0|0|0|0|0|0|0|0|0|0|0|0|
|C170|1|11588|FRESUBIN HP ENERGY 1000 ML EB|80|PC|2160|0|0|900|1102|10|0|0|0|0|0|0|||||||70||||||70|||||||
|C170|2|11891|FRESUBIN LIPID EB 500 ML|15|PC|530,4|0|0|900|1102|10|0|0|0|0|0|0|||||||98|0|0||0|0|98|0|0||0|0||
|C170|3|11582|FREBINI ENERGY  500 ML|30|PC|988,2|0|0|900|1102|10|0|0|0|0|0|0|||||||70||||||70|||||||
|C170|4|11583|FRESUBIN PROTEIN POWDER|3|PT|216|0|0|900|1102|10|0|0|0|0|0|0|||||||70||||||70|||||||
|C170|5|11589|FREBINI ORIGINAL  500 ML|15|PC|508,35|0|0|900|1102|10|0|0|0|0|0|0|||||||70||||||70|||||||
|C170|6|12014|FRESUBIN 5KCAL SHOT DRINK CREME 120ML|5|CX|130|0|0|900|1102|10|0|0|0|0|0|0|||||||70||||||70|||||||
|C170|7|11641|FRESUBIN 2KCAL HP FIBRE 500ML|30|BL|1256,7|0|0|900|1102|10|0|0|0|0|0|0|||||||70||||||70|||||||
|C190|900|1102|0|5789,65|0|0|0|0|0|0||
|C195|879||
|C100|0|1|5b0d4cc9dd5d36210c5a596a|55|00|001|707|28181129855950000180550010000007071913076230|12112018|12112018|5789,65|1|0|0|5789,65|0|0|0|0|0|0|0|0|0|0|0|0|0|
|C170|1|11588|FRESUBIN HP ENERGY 1000 ML EB|80|PC|2160|0|0|102|1102|10|0|0|0|0|0|0|||||||70||||||70|||||||
|C170|2|11891|FRESUBIN LIPID EB 500 ML|15|PC|530,4|0|0|102|1102|10|0|0|0|0|0|0|||||||98|0|0||0|0|98|0|0||0|0||
|C170|3|11582|FREBINI ENERGY  500 ML|30|PC|988,2|0|0|102|1102|10|0|0|0|0|0|0|||||||70||||||70|||||||
|C170|4|11583|FRESUBIN PROTEIN POWDER|3|PT|216|0|0|102|1102|10|0|0|0|0|0|0|||||||70||||||70|||||||
|C170|5|11589|FREBINI ORIGINAL  500 ML|15|PC|508,35|0|0|102|1102|10|0|0|0|0|0|0|||||||70||||||70|||||||
|C170|6|12014|FRESUBIN 5KCAL SHOT DRINK CREME 120ML|5|CX|130|0|0|102|1102|10|0|0|0|0|0|0|||||||70||||||70|||||||
|C170|7|11641|FRESUBIN 2KCAL HP FIBRE 500ML|30|BL|1256,7|0|0|102|1102|10|0|0|0|0|0|0|||||||70||||||70|||||||
|C190|102|1102|0|5789,65|0|0|0|0|0|0||
|C195|880||
|C100|0|1|5b0d4cc9dd5d36210c5a596a|55|00|001|708|28181129855950000180550010000007081978534117|12112018|12112018|2531,82|1|0|0|2531,82|0|0|0|0|0|0|0|0|0|0|0|0|0|
|C170|1|11580|FRESUBIN PROTEIN ENERGY DRINK  VANILA|24|PC|209,04|0|0|102|1102|10|0|0|0|0|0|0|||||||70||||||70|||||||
|C170|2|11581|FRESUBIN PROTEIN ENERGY DRINK  CHOCOLAT|24|PC|209,04|0|0|102|1102|10|0|0|0|0|0|0|||||||70||||||70|||||||
|C170|3|11583|FRESUBIN PROTEIN POWDER|9|PT|648|0|0|102|1102|10|0|0|0|0|0|0|||||||70||||||70|||||||
|C170|4|11584|FRESUBIN 2KCAL HP|30|PC|1256,7|0|0|102|1102|10|0|0|0|0|0|0|||||||70||||||70|||||||
|C170|5|11585|FRESUBIN PROTEIN ENERGY DRINK  FR VERME|24|PC|209,04|0|0|102|1102|10|0|0|0|0|0|0|||||||70||||||70|||||||
|C190|102|1102|0|2531,82|0|0|0|0|0|0||
|C195|881||
|C100|0|1|5b0d4cc9dd5d36210c5a57b9|55|00|001|43983|28181107925203000138550010000439831774798260|12112018|12112018|330|0|0|0|330|0|0|0|0|0|0|0|0|0|0|0|0|0|
|C170|1|7548|GLUTAMAX 10 GR|60|UN|240|0|0|900|1102|10|0|0|0|0|0|0|||||||70||||||70|||||||
|C170|2|7938|SIMFORT 2G  30 SACHES|1|CX|90|0|0|900|1102|10|0|0|0|0|0|0|||||||70||||||70|||||||
|C190|900|1102|0|330|0|0|0|0|0|0||
|C195|882||
|C100|0|1|5b0d4cc9dd5d36210c5a57b9|55|00|001|43984|28181107925203000138550010000439841427841998|12112018|12112018|330|1|0|0|330|0|0|0|0|0|0|0|0|0|0|0|0|0|
|C170|1|7548|GLUTAMAX 10 GR|60|UN|240|0|0|102|1102|10|0|0|0|0|0|0|||||||70||||||70|||||||
|C170|2|7938|SIMFORT 2G  30 SACHES|1|CX|90|0|0|102|1102|10|0|0|0|0|0|0|||||||70||||||70|||||||
|C190|102|1102|0|330|0|0|0|0|0|0||
|C195|883||
|C100|0|1|5b0d4cc9dd5d36210c5a592e|55|00|001|42168|42181104878125000170550010000421681421558644|12112018|12112018|970,4|1|0|0|843,83|0|0|0|0|843,83|59,07|0|0|0|0|0|0|0|
|C170|1|10506|SACO PARA LIXO 75X90X05 105 LITROS  LINHA BRASIL LIP TIPO II|100|UN|843,83|0|0|000|1102|10|843,83|7|59,07|0|0|0|||||||70||||||70|||||||
|C190|000|1102|7|970,4|843,83|59,07|0|0|0|0||
|C100|0|1|5b0d4cc9dd5d36210c5a57c8|55|00|005|11155|28181147427653001944550050000111551043559241|12112018|12112018|438|0|0|0|438|1|0|0|0|438|78,84|0|0|0|0|0|0|0|
|C170|1|12318|AGUA SANITARIA RIO BAHIA 1L|600|UN|438|0|0|000|1102|10|438|18|78,84|0|0|0|||||||70||||||70|||||||
|C190|000|1102|18|438|438|78,84|0|0|0|0||
|C195|884||
|C100|0|1|5b0d4cc9dd5d36210c5a57c8|55|00|005|11156|28181147427653001944550050000111561043600320|12112018|12112018|15450|0|0|0|15450|1|0|0|0|0|0|0|0|0|0|0|0|0|
|C170|1|12358|LEITE PO INT INST LEITBOM 200G|999|UN|3086,91|0|0|060|1102|10|0|0|0|0|0|0|||||||70||||||70|||||||
|C170|2|12358|LEITE PO INT INST LEITBOM 200G|999|UN|3086,91|0|0|060|1102|10|0|0|0|0|0|0|||||||70||||||70|||||||
|C170|3|12358|LEITE PO INT INST LEITBOM 200G|999|UN|3086,91|0|0|060|1102|10|0|0|0|0|0|0|||||||70||||||70|||||||
|C170|4|12358|LEITE PO INT INST LEITBOM 200G|999|UN|3086,91|0|0|060|1102|10|0|0|0|0|0|0|||||||70||||||70|||||||
|C170|5|12358|LEITE PO INT INST LEITBOM 200G|999|UN|3086,91|0|0|060|1102|10|0|0|0|0|0|0|||||||70||||||70|||||||
|C170|6|12358|LEITE PO INT INST LEITBOM 200G|5|UN|15,45|0|0|060|1102|10|0|0|0|0|0|0|||||||70||||||70|||||||
|C190|060|1102|0|15450|0|0|0|0|0|0||
|C195|885||
|C100|0|1|5b0d4cc9dd5d36210c5a57cd|55|00|001|1482487|28181160409075009290550010014824871013439154|12112018|12112018|539,14|1|0|0|539,14|0|0|0|0|539,14|97,05|0|0|0|0|0|0|0|
|C170|1|11791|NESTON 3 Cereais Sachet 12x210g BR|10|CX|539,14|0|0|500|1102|10|539,14|18|97,05|0|0|0|||||||98|0|0||0|0|98|0|0||0|0||
|C190|500|1102|18|539,14|539,14|97,05|0|0|0|0||
|C195|886||
|C100|0|1|5b0d4cc9dd5d36210c5a57a5|55|00|300|44304|28181106057223029900553000000443041102231780|12112018|12112018|804,15|0|0|0|804,15|9|0|0|0|87,48|15,74|0|0|0|0|0|0|0|
|C170|1|10606|ARROZ URBANO PARB INT 1KG|2|CX|69,8|0|0|060|1102|10|0|0|0|0|0|0|||||||70||||||70|||||||
|C170|2|11223|CAFE PINGA FOGO ALMOF 250G|10|UN|598|0|0|060|1102|10|0|0|0|0|0|0|||||||70||||||70|||||||
|C170|3|9114|FUBA CORINGA 500G|3|UN|32,7|0|0|060|1102|10|0|0|0|0|0|0|||||||70||||||70|||||||
|C170|4|12354|GELEIA LINEA DIET 230G AMORA|4|UN|39,96|0|0|000|1102|10|39,96|18|7,19|0|0|0|||||||70||||||70|||||||
|C170|5|12253|MILHO VERDE PALADORI LT 200G|2|UN|47,52|0|0|000|1102|10|47,52|18|8,55|0|0|0|||||||70||||||70|||||||
|C170|6|12355|SABAO PEDRA YPE 5X200G NEUTRO|3|UN|16,17|0|0|060|1102|10|0|0|0|0|0|0|||||||70||||||70|||||||
|C190|060|1102|0|716,67|0|0|0|0|0|0||
|C190|000|1102|18|87,48|87,48|15,74|0|0|0|0||
|C195|887||
|C100|0|1|5b0d4cc9dd5d36210c5a5799|55|00|001|71646|28181110483444003013550010000716461616294553|12112018|12112018|1037,82|1|0|0|1032,8|0|0|0|5,02|1037,82|186,81|0|0|0|0|0|0|0|
|C170|1|10231|IOG GREGO DESNT LIGHT BETA 400G|240|UN|832,8|0|0|000|1102|10|836,84|18|150,63|0|0|0|||||||70||||||70|||||||
|C170|2|10576|BL BANDEJA MORANGO BETA 540G|100|UN|200|0|0|000|1102|10|200,98|18|36,18|0|0|0|||||||70||||||70|||||||
|C190|000|1102|18|1037,82|1037,82|186,81|0|0|0|0||
|C195|888||
|C100|0|1|5b0d4cc9dd5d36210c5a578e|55|00|002|366488|28181104928281000289550020003664881111013114|13112018|13112018|593,78|1|0|0|593,78|9|0|0|0|0|0|0|0|0|0|0|0|0|
|C170|1|11433|ARROZ T VIEIRA INTEGRAL T1 10X1KG|200|UN|593,78|0|0|041|1102|10|0|0|0|0|0|0|||||||70||||||70|||||||
|C190|041|1102|0|593,78|0|0|0|0|0|0||
|C195|889||
|C100|0|1|5b0d4cc9dd5d36210c5a57f9|55|00|032|795175|28181156228356009279550320007951751708913487|12112018|13112018|1147|1|0|0|1130,05|0|0|0|0|0|0|0|0|0|0|0|0|0|
|C170|1|811|GUARANA CHP ANTARCTICA LATA 350ML SH C1|50|CX|1130,05|0|0|060|1102|10|0|0|0|0|0|0|||||||70||||||70|||||||
|C190|060|1102|0|1147|0|0|0|0|0|0||
|C195|890||
|C100|0|1|5b0d4cc9dd5d36210c5a579c|55|00|001|8944|28181118656923000323550010000089441000010175|13112018|13112018|2448|1|0|0|2448|0|0|0|0|0|0|0|0|0|0|0|0|0|
|C170|1|7500|PEPTAMEN HN SF 500ML  REF: 12183044 No|36|UN|2448|0|0|241|1102|10|0|0|0|0|0|0|||||||70||||||70|||||||
|C190|241|1102|0|2448|0|0|0|0|0|0||
|C195|891||
|C100|0|1|5b0d4cc9dd5d36210c5a579c|55|00|001|8945|28181118656923000323550010000089451000010172|13112018|13112018|2448|0|0|0|2448|0|0|0|0|2448|440,64|0|0|0|0|0|0|0|
|C170|1|7500|PEPTAMEN HN SF 500ML  REF: 12183044 No|36|UN|2448|0|0|200|1102|10|2448|18|440,64|0|0|0|||||||70||||||70|||||||
|C190|200|1102|18|2448|2448|440,64|0|0|0|0||
|C195|874||
|C100|0|1|5b0d4cc9dd5d36210c5a5884|55|00|001|405113|28181175315333010929550010004051131006593966|13112018|13112018|1838|0|0|0|1838|0|0|0|0|1380|248,4|0|0|0|0|0|0|0|
|C170|1|10378|ADOCANTE MARATA SACARINA LIQ CXA 1 X 12 100ML|10|UN|185|0|0|000|1102|10|185|18|33,3|0|0|0|||||||70||||||70|||||||
|C170|2|7344|BISCPILAR CREAM CRACKER PREMIUM CXA 1 X|10|CX|458|0|0|060|1102|10|0|0|0|0|0|0|||||||70||||||70|||||||
|C170|3|7588|CREMOGEMA TRADICIONAL CXA 1 X 24 500G|5|CX|815|0|0|000|1102|10|815|18|146,7|0|0|0|||||||70||||||70|||||||
|C170|4|301|FLOCAO ARROZ CORINGA FDO 1 X 10 500G|20|UN|380|0|0|000|1102|10|380|18|68,4|0|0|0|||||||70||||||70|||||||
|C190|000|1102|18|1380|1380|248,4|0|0|0|0||
|C190|060|1102|0|458|0|0|0|0|0|0||
|C195|841||
|C100|0|1|5b0d4cc9dd5d36210c5a57bd|55|00|001|60866|28181105893097000122550010000608661639494675|13112018|13112018|2187|1|0|0|2187|3|0|0|0|0|0|0|0|0|0|0|0|0|
|C170|1|11841|APTAMIL 1 PROFUTURA 400G|20|UN|230|0|0|200|1102|10|0|0|0|0|0|0|||||||98|0|0||0|0|98|0|0||0|0||
|C170|2|5887|NEOCATE LCP UPGRADE LT400G|10|UN|1600|0|0|200|1102|10|0|0|0|0|0|0|||||||70||||||70|||||||
|C170|3|1538|PREGOMIN PEPTI 400G|3|LT|357|0|0|200|1102|10|0|0|0|0|0|0|||||||70||||||70|||||||
|C190|200|1102|0|2187|0|0|0|0|0|0||
|C195|892||
|C100|0|1|5b0d4cc9dd5d36210c5a57bd|55|00|001|60867|28181105893097000122550010000608671366225541|13112018|13112018|2187|0|0|0|2187|0|0|0|0|2187|393,66|0|0|0|0|0|0|0|
|C170|1|11841|APTAMIL 1 PROFUTURA 400G|20|UN|230|0|0|200|1102|10|230|18|41,4|0|0|0|||||||98|0|0||0|0|98|0|0||0|0||
|C170|2|5887|NEOCATE LCP UPGRADE LT400G|10|UN|1600|0|0|200|1102|10|1600|18|288|0|0|0|||||||70||||||70|||||||
|C170|3|1538|PREGOMIN PEPTI 400G|3|LT|357|0|0|200|1102|10|357|18|64,26|0|0|0|||||||70||||||70|||||||
|C190|200|1102|18|2187|2187|393,66|0|0|0|0||
|C195|768||
|C100|0|1|5b0d4cc9dd5d36210c5a57bd|55|00|001|60869|28181105893097000122550010000608691270662279|13112018|13112018|5298,46|1|0|0|5298,46|3|0|0|0|0|0|0|0|0|0|0|0|0|
|C170|1|11841|APTAMIL 1 PROFUTURA 400G|3|UN|34,5|0|0|200|1102|10|0|0|0|0|0|0|||||||98|0|0||0|0|98|0|0||0|0||
|C170|2|11957|APTAMIL 2 PROFUTURA X 800G|2|UN|50|0|0|200|1102|10|0|0|0|0|0|0|||||||98|0|0||0|0|98|0|0||0|0||
|C170|3|7465|CALOGEN SSABOR 200ML|4|UN|206,24|0|0|200|1102|10|0|0|0|0|0|0|||||||70||||||70|||||||
|C170|4|7467|CUBITAN BAUNILHA 200ML|72|UN|1170|0|0|200|1102|10|0|0|0|0|0|0|||||||70||||||70|||||||
|C170|5|7493|CUBITAN CHOCOLATE 200ML|56|UN|910|0|0|200|1102|10|0|0|0|0|0|0|||||||70||||||70|||||||
|C170|6|7468|CUBITAN MORANGO 200ML|72|UN|1170|0|0|200|1102|10|0|0|0|0|0|0|||||||70||||||70|||||||
|C170|7|7689|FORTINI EM PO SSABOR 400G|2|LT|120,96|0|0|200|1102|10|0|0|0|0|0|0|||||||70||||||70|||||||
|C170|8|10102|MILUPA 1 400G|2|LT|15|0|0|200|1102|10|0|0|0|0|0|0|||||||70||||||70|||||||
|C170|9|6678|NEO ADVANCED 400G|2|LT|403|0|0|200|1102|10|0|0|0|0|0|0|||||||70||||||70|||||||
|C170|10|5887|NEOCATE LCP UPGRADE LT400G|2|UN|320|0|0|200|1102|10|0|0|0|0|0|0|||||||70||||||70|||||||
|C170|11|10264|NUTRI LIVER 14kcalml 200ML Baunilha|26|UN|422,76|0|0|000|1102|10|0|0|0|0|0|0|||||||70||||||70|||||||
|C170|12|1538|PREGOMIN PEPTI 400G|4|LT|476|0|0|200|1102|10|0|0|0|0|0|0|||||||70||||||70|||||||
|C190|200|1102|0|4875,7|0|0|0|0|0|0||
|C190|000|1102|0|422,76|0|0|0|0|0|0||
|C195|893||
|C100|0|1|5b0d4cc9dd5d36210c5a57bd|55|00|001|60870|28181105893097000122550010000608701112576410|13112018|13112018|5298,46|0|0|0|5298,46|0|0|0|0|5298,46|953,72|0|0|0|0|0|0|0|
|C170|1|11841|APTAMIL 1 PROFUTURA 400G|3|UN|34,5|0|0|200|1102|10|34,5|18|6,21|0|0|0|||||||98|0|0||0|0|98|0|0||0|0||
|C170|2|11957|APTAMIL 2 PROFUTURA X 800G|2|UN|50|0|0|200|1102|10|50|18|9|0|0|0|||||||98|0|0||0|0|98|0|0||0|0||
|C170|3|7465|CALOGEN SSABOR 200ML|4|UN|206,24|0|0|200|1102|10|206,24|18|37,12|0|0|0|||||||70||||||70|||||||
|C170|4|7467|CUBITAN BAUNILHA 200ML|72|UN|1170|0|0|200|1102|10|1170|18|210,6|0|0|0|||||||70||||||70|||||||
|C170|5|7493|CUBITAN CHOCOLATE 200ML|56|UN|910|0|0|200|1102|10|910|18|163,8|0|0|0|||||||70||||||70|||||||
|C170|6|7468|CUBITAN MORANGO 200ML|72|UN|1170|0|0|200|1102|10|1170|18|210,6|0|0|0|||||||70||||||70|||||||
|C170|7|7689|FORTINI EM PO SSABOR 400G|2|LT|120,96|0|0|200|1102|10|120,96|18|21,77|0|0|0|||||||70||||||70|||||||
|C170|8|10102|MILUPA 1 400G|2|LT|15|0|0|200|1102|10|15|18|2,7|0|0|0|||||||70||||||70|||||||
|C170|9|6678|NEO ADVANCED 400G|2|LT|403|0|0|200|1102|10|403|18|72,54|0|0|0|||||||70||||||70|||||||
|C170|10|5887|NEOCATE LCP UPGRADE LT400G|2|UN|320|0|0|200|1102|10|320|18|57,6|0|0|0|||||||70||||||70|||||||
|C170|11|10264|NUTRI LIVER 14kcalml 200ML Baunilha|26|UN|422,76|0|0|000|1102|10|422,76|18|76,1|0|0|0|||||||70||||||70|||||||
|C170|12|1538|PREGOMIN PEPTI 400G|4|LT|476|0|0|200|1102|10|476|18|85,68|0|0|0|||||||70||||||70|||||||
|C190|200|1102|18|4875,7|4875,7|877,62|0|0|0|0||
|C190|000|1102|18|422,76|422,76|76,1|0|0|0|0||
|C195|790||
|C100|0|1|5b0d4cc9dd5d36210c5a57bd|55|00|001|60871|28181105893097000122550010000608711434981388|13112018|13112018|162,6|1|0|0|162,6|1|0|0|0|162,6|29,27|0|0|0|0|0|0|0|
|C170|1|10264|NUTRI LIVER 14kcalml 200ML Baunilha|10|UN|162,6|0|0|000|1102|10|162,6|18|29,27|0|0|0|||||||70||||||70|||||||
|C190|000|1102|18|162,6|162,6|29,27|0|0|0|0||
|C195|894||
|C100|0|1|5b0d4cc9dd5d36210c5a58e5|55|00|001|146511|29181110498270000128550010001465111111013110|13112018|13112018|9845|1|0|0|9845|0|0|0|0|9845|1181,4|0|0|0|0|0|0|0|
|C170|1|12256|LEITE EM PO INTEGRAL BIG LEITE 50X200G 50X200G QTD 10000 FD|2500|PT|8115|0|0|000|1102|10|8115|12|973,8|0|0|0|||||||70||||||70|||||||
|C170|2|11701|LEITE DESNATADO PRONTU 50X200G 50X200G QTD 5000 FD|500|PT|1480|0|0|000|1102|10|1480|12|177,6|0|0|0|||||||70||||||70|||||||
|C170|3|12342|FARINHA LACTEA MILKLY 25X200G 25X200G QTD 500 FD|125|PT|250|0|0|000|1102|10|250|12|30|0|0|0|||||||70||||||70|||||||
|C190|000|1102|12|9845|9845|1181,4|0|0|0|0||
|C195|895||
|C100|0|1|5b0d4cc9dd5d36210c5a58d9|55|00|004|731565|28181108715757002117550040007315651704196701|12112018|13112018|1496,77|0|0|0|1454,68|0|0|0|0|0|0|0|0|0|0|0|0|0|
|C170|1|10232|CC PET 2L|12|UN|75,5|0|0|060|1102|10|0|0|0|0|0|0|||||||70||||||70|||||||
|C170|2|10233|KT PET 2L|30|UN|103,45|0|0|060|1126|10|0|0|0|0|0|0|||||||70||||||70|||||||
|C170|3|9563|CC LATA 350ML|600|UN|1275,73|0|0|060|1126|10|0|0|0|0|0|0|||||||70||||||70|||||||
|C190|060|1102|0|77,77|0|0|0|0|0|0||
|C190|060|1126|0|1419|0|0|0|0|0|0||
|C195|896||
|C100|0|1|5b0d4cc9dd5d36210c5a5886|55|00|003|750000|29181107041307000180550030007500001111013111|13112018|13112018|2319,33|1|0|0|2319,33|9|0|0|0|2319,33|278,32|0|0|0|0|0|0|0|
|C170|1|11018|FEIJAO BRANCO PINK 6X500G|9|UN|186,3|0|0|000|1102|10|186,3|12|22,36|0|0|0|||||||70||||||70|||||||
|C170|2|12364|SAL SH GRILO DOCE 2000X1G|10|CX|118,4|0|0|000|1102|10|118,4|12|14,21|0|0|0|||||||70||||||70|||||||
|C170|3|10894|GRAO BICO PINK 6X500G|4|UN|424,08|0|0|000|1102|10|424,08|12|50,89|0|0|0|||||||70||||||70|||||||
|C170|4|11579|GELAT ABACAXI LIGHT LOWCUCAR 10X200G|1|CX|165|0|0|000|1102|10|165|12|19,8|0|0|0|||||||70||||||70|||||||
|C170|5|10177|GELAT CEREJA LIGHT LOWCUCAR 10X200G|1|CX|165|0|0|500|1102|10|165|12|19,8|0|0|0|||||||70||||||70|||||||
|C170|6|12149|GELAT NEUTRA PO RAVAX 1KG|5|UN|214,95|0|0|000|1102|10|214,95|12|25,79|0|0|0|||||||70||||||70|||||||
|C170|7|10178|GELAT MORANGO NEILAR 1KG|60|UN|510|0|0|500|1102|10|510|12|61,2|0|0|0|||||||70||||||70|||||||
|C170|8|11066|PUDIM CHOC NEILAR 1KG|20|UN|121,6|0|0|000|1102|10|121,6|12|14,59|0|0|0|||||||70||||||70|||||||
|C170|9|11105|AVEIA FLOCOS PINK 20X500G|6|UN|414|0|0|000|1102|10|414|12|49,68|0|0|0|||||||70||||||70|||||||
|C190|000|1102|12|1644,33|1644,33|197,32|0|0|0|0||
|C190|500|1102|12|675|675|81|0|0|0|0||
|C195|897||
|C100|0|1|5b0d4cc9dd5d36210c5a57f5|55|00|001|307545|28181107351681000262550010003075451111013110|13112018|13112018|64,95|0|0|0|64,95|9|0|0|0|64,95|11,69|0|0|0|0|0|0|0|
|C170|1|5767|SACO PLIXO ELEFANTE 75X90X06 PRETO100LT|2|PC|64,95|0|0|000|1102|10|64,95|18|11,69|0|0|0|||||||70||||||70|||||||
|C190|000|1102|18|64,95|64,95|11,69|0|0|0|0||
|C195|898||
|C100|0|1|5b0d4cc9dd5d36210c5a57f5|55|00|001|307546|28181107351681000262550010003075461111013117|13112018|13112018|974,27|1|0|0|974,27|9|0|0|0|974,27|175,37|0|0|0|0|0|0|0|
|C170|1|5767|SACO PLIXO ELEFANTE 75X90X06 PRETO100LT|30|PC|974,27|0|0|000|1102|10|974,27|18|175,37|0|0|0|||||||70||||||70|||||||
|C190|000|1102|18|974,27|974,27|175,37|0|0|0|0||
|C195|899||
|C100|0|1|5b0d4cc9dd5d36210c5a57c2|55|00|001|23380|28181107505422000168550010000233801000233800|14112018|14112018|51,75|0|0|0|51,75|9|0|0|0|51,75|9,31|0|0|0|0|0|0|0|
|C170|1|1691|POLPA DE UMBU 1KG POMAR|15|UN|51,75|0|0|000|1102|10|51,75|18|9,31|0|0|0|||||||70||||||70|||||||
|C190|000|1102|18|51,75|51,75|9,31|0|0|0|0||
|C195|768||
|C100|0|1|5b0d4cc9dd5d36210c5a5767|55|00|003|1595996|28181103636036000316550030015959961009599459|14112018|14112018|24010,65|1|0|0|23216,21|0|0|0|0|23216,21|4178,92|0|0|0|0|0|0|0|
|C170|1|6860|EXTRATO TOMATE "AJINOMOTO" AJINOMOTO 2KG|160|UN|1918,4|0|0|000|1102|10|1918,4|18|345,31|0|0|0|||||||70||||||70|||||||
|C170|2|12308|FILE PEITO FRANGO INDIVIDUAL SOMAVE 18KG|67|CX|10125,71|0|0|010|1102|10|10125,71|18|1822,63|0|0|0|||||||70||||||70|||||||
|C170|3|12369|FILE DE PMERLUZA POLLOCK JETFISH 10X1KG|1|CX|166,1|0|0|200|1102|10|166,1|18|29,9|0|0|0|||||||70||||||70|||||||
|C170|4|11951|AMACIANTE DE CARNE AJINOMOTO 1,1KG AJINOMOTO 6X1,1KG|20|UN|254|0|0|500|1102|10|254|18|45,72|0|0|0|||||||98|0|0||0|0|98|0|0||0|0||
|C170|5|12309|COXASOBRECOXA DE FINDIV SABOROSO 20KG|105|CX|10752|0|0|010|1102|10|10752|18|1935,36|0|0|0|||||||70||||||70|||||||
|C190|000|1102|18|1918,4|1918,4|345,31|0|0|0|0||
|C190|010|1102|18|21672,15|20877,71|3757,99|0|0|0|0||
|C190|200|1102|18|166,1|166,1|29,9|0|0|0|0||
|C190|500|1102|18|254|254|45,72|0|0|0|0||
|C195|721|Base de cálculo do ICMSST: R$25291,26, Valor do ICMSST: R$794,44|
|C195|900||
|C100|0|1|5b0d4cc9dd5d36210c5a5751|55|00|001|667847|28181107488144000188550010006678471111013117|13112018|14112018|5941,98|1|0|0|5941,98|0|0|0|0|5431,5|977,67|0|0|0|0|0|0|0|
|C170|1|12290|PX FILE DE MERLUZA ARG INTER 60200G 4,5KG|306|KG|5431,5|0|0|210|1102|10|5431,5|18|977,67|0|0|0|||||||70||||||70|||||||
|C170|2|10664|CR SUI PERNIL SEM OSSO CONG SEARA CX18 A 25KG|63,97|KG|510,48|0|0|010|1102|10|0|0|0|0|0|0|||||||70||||||70|||||||
|C190|210|1102|18|5431,5|5431,5|977,67|0|0|0|0||
|C190|010|1102|0|510,48|0|0|0|0|0|0||
|C195|901||
|C100|0|1|5b0d4cc9dd5d36210c5a596a|55|00|001|717|28181129855950000180550010000007171398106810|14112018|14112018|692,55|1|0|0|692,55|0|0|0|0|0|0|0|0|0|0|0|0|0|
|C170|1|11892|BIOFRASCO NUTRI 100 ML|729|UN|692,55|0|0|102|1102|10|0|0|0|0|0|0|||||||98|0|0||0|0|98|0|0||0|0||
|C190|102|1102|0|692,55|0|0|0|0|0|0||
|C195|902||
|C100|0|1|5b0d4cc9dd5d36210c5a5793|55|00|001|134979|28181132838716000159550010001349791274108790|14112018|14112018|315|1|0|0|315|0|0|0|0|0|0|0|0|0|0|0|0|0|
|C170|1|12381|SERINGA DESC SR 20ML SAG LS BICO CENTRAL UND|750|UN|315|0|0|060|1102|10|0|0|0|0|0|0|||||||70||||||70|||||||
|C190|060|1102|0|315|0|0|0|0|0|0||
|C195|903||
|C100|0|1|5b0d4cc9dd5d36210c5a573c|55|00|001|351396|28181103624188000137550010003513961111014119|14112018|14112018|3237,58|1|0|0|3237,58|0|0|0|0|1261,55|227,09|0|0|0|0|0|0|0|
|C170|1|10130|RESMA DE PAPEL CRISTAL 50X70|2|UN|203,11|0|0|000|1102|10|203,11|18|36,56|0|0|0|||||||70||||||70|||||||
|C170|2|7582|MARGARINA BECEL CR VEG ORIG SS PTE 250G|48|UN|191,62|0|0|000|1102|10|191,62|18|34,49|0|0|0|||||||70||||||70|||||||
|C170|3|512|MOSTARDA DUSUL 800G|12|UN|31,82|0|0|000|1102|10|31,82|18|5,73|0|0|0|||||||70||||||70|||||||
|C170|4|11166|PALITO DENTE BAMBU C1000|19|UN|118,71|0|0|200|1102|10|118,71|18|21,37|0|0|0|||||||70||||||70|||||||
|C170|5|11964|SACO LIXO 40L PRE 57X57X0,05 14|1|CX|128,43|0|0|000|1102|10|128,43|18|23,12|0|0|0|||||||98|0|0||0|0|98|0|0||0|0||
|C170|6|10404|GARFO REFFORTE STRAWPLAST BRANCO 10X50|10|CX|606,15|0|0|060|1102|10|0|0|0|0|0|0|||||||70||||||70|||||||
|C170|7|10403|FACA REFFORTE STRAWPLAST BRANCA 10X50|10|CX|606,15|0|0|060|1102|10|0|0|0|0|0|0|||||||70||||||70|||||||
|C170|8|6982|COLHER REFFORTE STRAWPLAST BRANCA 10X50|10|CX|606,15|0|0|060|1102|10|0|0|0|0|0|0|||||||70||||||70|||||||
|C170|9|10725|CATCHUP TAMBAU 830 GR|48|UN|169,09|0|0|500|1126|10|169,09|18|30,44|0|0|0|||||||70||||||70|||||||
|C170|10|12367|COPO PP 300ML ULTRA ESTRIADO BRC2000|2|CX|157,58|0|0|060|1102|10|0|0|0|0|0|0|||||||70||||||70|||||||
|C170|11|12368|TAMPA MARATA PPOTES TM 82 40X50 2000|4|UN|189,27|0|0|000|1102|10|189,27|18|34,07|0|0|0|||||||70||||||70|||||||
|C170|12|12294|PAPEL HIGFOFEX SOFT AZUL 16X4 30M|10|UN|229,5|0|0|000|1102|10|229,5|18|41,31|0|0|0|||||||70||||||70|||||||
|C190|000|1102|18|973,75|973,75|175,28|0|0|0|0||
|C190|200|1102|18|118,71|118,71|21,37|0|0|0|0||
|C190|060|1102|0|1976,03|0|0|0|0|0|0||
|C190|500|1126|18|169,09|169,09|30,44|0|0|0|0||
|C195|904||
|C100|0|1|5b0d4cc9dd5d36210c5a5944|55|00|001|819|28181128409002000158550010000008191587293768|14112018|14112018|832|1|0|0|832|9|0|0|0|0|0|0|0|0|0|0|0|0|
|C170|1|10803|SUMA D27 BB 5L|16|UN|832|0|0|102|1102|10|0|0|0|0|0|0|||||||70||||||70|||||||
|C190|102|1102|0|832|0|0|0|0|0|0||
|C195|905||
|C100|0|1|5b0d4cc9dd5d36210c5a579c|55|00|001|8947|28181118656923000323550010000089471000010177|14112018|14112018|6869,5|1|0|0|6869,5|0|0|0|0|6869,5|1236,51|0|0|0|0|0|0|0|
|C170|1|11028|BIOFRASCONUTRI ENTERAL 300ML No Lote: L167497Data: 20221116|1350|UN|1039,5|0|0|000|1102|10|1039,5|18|187,11|0|0|0|||||||70||||||70|||||||
|C170|2|11022|EQL E Y NO LUER  REF: 10007201 No Lote: EQP1778249Data: 20220831|150|UN|2250|0|0|000|1102|10|2250|18|405|0|0|0|||||||70||||||70|||||||
|C170|3|11021|EQL E NS Y NO LUER LF 2001  REF: 10008228 No Lote: EQP1778453Data: 20220930|200|UN|3000|0|0|000|1102|10|3000|18|540|0|0|0|||||||70||||||70|||||||
|C170|4|10708|BIOEQUIPO C FILTRO AR No Lote: BWC1010616Data: 20180930|400|UN|580|0|0|100|1102|10|580|18|104,4|0|0|0|||||||70||||||70|||||||
|C190|000|1102|18|6289,5|6289,5|1132,11|0|0|0|0||
|C190|100|1102|18|580|580|104,4|0|0|0|0||
|C195|906||
|C100|0|1|5b0d4cc9dd5d36210c5a579c|55|00|001|8948|28181118656923000323550010000089481000010174|14112018|14112018|8337,57|1|0|0|8337,57|0|0|0|0|0|0|0|0|0|0|0|0|0|
|C170|1|7501|NOVASOURCE GC 15 SF 1000ML  REF: 12234|48|UN|3672|0|0|541|1102|10|0|0|0|0|0|0|||||||70||||||70|||||||
|C170|2|8006|ISOSOURCE 1,5 SF 1000ML  REF: 9523855 N|18|UN|711|0|0|041|1102|10|0|0|0|0|0|0|||||||70||||||70|||||||
|C170|3|7340|NUTREN SENIOR 200ML MIX DE FRUTAS  REF:|54|UN|656,1|0|0|041|1102|10|0|0|0|0|0|0|||||||70||||||70|||||||
|C170|4|11481|NOVASOURCE PROLINE 27X200M No Lote: 8006046052Data: 20190101|54|UN|850,5|0|0|541|1102|10|0|0|0|0|0|0|||||||70||||||70|||||||
|C170|5|9482|GLUTAMAX CX 20 SACHES 5GR|2|UN|81,6|0|0|041|1102|10|0|0|0|0|0|0|||||||70||||||70|||||||
|C170|6|8789|SIMFORT CX 30 SACHES 2GR|3|UN|270|0|0|041|1102|10|0|0|0|0|0|0|||||||70||||||70|||||||
|C170|7|9565|RESOURCE THICKEN UP CLEAR 125GR  REF:|12|UN|823,68|0|0|241|1102|10|0|0|0|0|0|0|||||||70||||||70|||||||
|C170|8|8011|PEPTAMEN JUNIOR 400GR  REF: 12191037 N|7|UN|1173,9|0|0|241|1102|10|0|0|0|0|0|0|||||||70||||||70|||||||
|C170|9|7525|NESTOGENO 1 400GR  REF: 12182305 No L|3|UN|27,57|0|0|541|1102|10|0|0|0|0|0|0|||||||70||||||70|||||||
|C170|10|10190|NESTOGENO 2 400GR  REF: 12183204 No Lote: 7079046041Data: 20180601|6|UN|71,22|0|0|541|1102|10|0|0|0|0|0|0|||||||70||||||70|||||||
|C190|541|1102|0|4621,29|0|0|0|0|0|0||
|C190|041|1102|0|1718,7|0|0|0|0|0|0||
|C190|241|1102|0|1997,58|0|0|0|0|0|0||
|C195|907||
|C100|0|1|5b0d4cc9dd5d36210c5a579c|55|00|001|8949|28181118656923000323550010000089491000010171|14112018|14112018|8337,57|0|0|0|8337,57|0|0|0|0|8337,57|1500,76|0|0|0|0|0|0|0|
|C170|1|7501|NOVASOURCE GC 15 SF 1000ML  REF: 12234|48|UN|3672|0|0|500|1102|10|3672|18|660,96|0|0|0|||||||70||||||70|||||||
|C170|2|8006|ISOSOURCE 1,5 SF 1000ML  REF: 9523855 N|18|UN|711|0|0|000|1102|10|711|18|127,98|0|0|0|||||||70||||||70|||||||
|C170|3|7340|NUTREN SENIOR 200ML MIX DE FRUTAS  REF:|54|UN|656,1|0|0|000|1102|10|656,1|18|118,1|0|0|0|||||||70||||||70|||||||
|C170|4|11481|NOVASOURCE PROLINE 27X200M No Lote: 8006046052Data: 20190101|54|UN|850,5|0|0|500|1102|10|850,5|18|153,09|0|0|0|||||||70||||||70|||||||
|C170|5|9482|GLUTAMAX CX 20 SACHES 5GR|2|UN|81,6|0|0|000|1102|10|81,6|18|14,69|0|0|0|||||||70||||||70|||||||
|C170|6|8789|SIMFORT CX 30 SACHES 2GR|3|UN|270|0|0|000|1102|10|270|18|48,6|0|0|0|||||||70||||||70|||||||
|C170|7|9565|RESOURCE THICKEN UP CLEAR 125GR  REF:|12|UN|823,68|0|0|200|1102|10|823,68|18|148,26|0|0|0|||||||70||||||70|||||||
|C170|8|8011|PEPTAMEN JUNIOR 400GR  REF: 12191037 N|7|UN|1173,9|0|0|200|1102|10|1173,9|18|211,3|0|0|0|||||||70||||||70|||||||
|C170|9|7525|NESTOGENO 1 400GR  REF: 12182305 No L|3|UN|27,57|0|0|500|1102|10|27,57|18|4,96|0|0|0|||||||70||||||70|||||||
|C170|10|10190|NESTOGENO 2 400GR  REF: 12183204 No Lote: 7079046041Data: 20180601|6|UN|71,22|0|0|500|1102|10|71,22|18|12,82|0|0|0|||||||70||||||70|||||||
|C190|500|1102|18|4621,29|4621,29|831,83|0|0|0|0||
|C190|000|1102|18|1718,7|1718,7|309,37|0|0|0|0||
|C190|200|1102|18|1997,58|1997,58|359,56|0|0|0|0||
|C195|908||
|C100|0|1|5b0d4cc9dd5d36210c5a5793|55|00|001|134999|28181132838716000159550010001349991443411993|14112018|14112018|7718,7|0|0|0|7718,7|0|0|0|0|7718,7|1389,37|0|0|0|0|0|0|0|
|C170|1|7448|ENSURE PLUS BAUNILHA TETRAPACK 200ML UND|27|UN|179,55|0|0|200|1102|10|179,55|18|32,32|0|0|0|||||||70||||||70|||||||
|C170|2|7755|ENSURE PLUS CHOCOLATE TETRAPACK 200ML UN|23|UN|152,95|0|0|200|1102|10|152,95|18|27,53|0|0|0|||||||70||||||70|||||||
|C170|3|7755|ENSURE PLUS CHOCOLATE TETRAPACK 200ML UN|4|UN|26,6|0|0|200|1102|10|26,6|18|4,79|0|0|0|||||||70||||||70|||||||
|C170|4|10761|GLUCERNA 1,5 RTH 1000ML LT|80|LT|6220,8|0|0|200|1102|10|6220,8|18|1119,74|0|0|0|||||||70||||||70|||||||
|C170|5|7449|GLUCERNA RPB BAUNILHA 200ML PACK UND|48|UN|427,2|0|0|200|1102|10|427,2|18|76,9|0|0|0|||||||70||||||70|||||||
|C170|6|7453|OSMOLITE PLUS HN RTH 1000ML LT|24|LT|711,6|0|0|200|1102|10|711,6|18|128,09|0|0|0|||||||70||||||70|||||||
|C190|200|1102|18|7718,7|7718,7|1389,37|0|0|0|0||
|C195|909||
|C100|0|1|5b0d4cc9dd5d36210c5a57b9|55|00|001|44054|28181107925203000138550010000440541443712907|14112018|14112018|510|0|0|0|510|0|0|0|0|0|0|0|0|0|0|0|0|0|
|C170|1|7548|GLUTAMAX 10 GR|60|UN|240|0|0|900|1102|10|0|0|0|0|0|0|||||||70||||||70|||||||
|C170|2|7938|SIMFORT 2G  30 SACHES|3|CX|270|0|0|900|1102|10|0|0|0|0|0|0|||||||70||||||70|||||||
|C190|900|1102|0|510|0|0|0|0|0|0||
|C195|910||
|C100|0|1|5b0d4cc9dd5d36210c5a57b9|55|00|001|44055|28181107925203000138550010000440551503404054|14112018|14112018|510|1|0|0|510|0|0|0|0|0|0|0|0|0|0|0|0|0|
|C170|1|7548|GLUTAMAX 10 GR|60|UN|240|0|0|102|1102|10|0|0|0|0|0|0|||||||70||||||70|||||||
|C170|2|7938|SIMFORT 2G  30 SACHES|3|CX|270|0|0|102|1102|10|0|0|0|0|0|0|||||||70||||||70|||||||
|C190|102|1102|0|510|0|0|0|0|0|0||
|C195|911||
|C100|0|1|5b0d4cc9dd5d36210c5a5793|55|00|001|135012|28181132838716000159550010001350121200114121|14112018|14112018|7718,7|1|0|0|7718,7|0|0|0|0|0|0|0|0|0|0|0|0|0|
|C170|1|11979|ABBOTT ENSURE PLUS BAUNILHA TETRAPACK 200ML UND|27|CX|179,55|0|0|200|1102|10|0|0|0|0|0|0|||||||70||||||70|||||||
|C170|2|8384|ABBOTT ENSURE PLUS CHOCOLATE TETRAPACK 2|23|LT|152,95|0|0|000|1102|10|0|0|0|0|0|0|||||||70||||||70|||||||
|C170|3|8384|ABBOTT ENSURE PLUS CHOCOLATE TETRAPACK 2|4|LT|26,6|0|0|000|1102|10|0|0|0|0|0|0|||||||70||||||70|||||||
|C170|4|10762|ABBOTT GLUCERNA 15 RTH 1000ML LT|80|LT|6220,8|0|0|200|1102|10|0|0|0|0|0|0|||||||70||||||70|||||||
|C170|5|6331|ABBOTT ENSURE PROTEINA RPB BAUNILHA 220M|1|UN|8,9|0|0|000|1102|10|0|0|0|0|0|0|||||||70||||||70|||||||
|C170|6|6331|ABBOTT ENSURE PROTEINA RPB BAUNILHA 220M|47|UN|418,3|0|0|000|1102|10|0|0|0|0|0|0|||||||70||||||70|||||||
|C170|7|6356|ABBOTT OSMOLITE HN PLUS RTH 1000ML LT|24|LT|711,6|0|0|000|1102|10|0|0|0|0|0|0|||||||70||||||70|||||||
|C190|200|1102|0|6400,35|0|0|0|0|0|0||
|C190|000|1102|0|1318,35|0|0|0|0|0|0||
|C195|912||
|C100|0|1|5b0d4cc9dd5d36210c5a596a|55|00|001|723|28181129855950000180550010000007231467498332|14112018|14112018|5001,12|0|0|0|5001,12|0|0|0|0|0|0|0|0|0|0|0|0|0|
|C170|1|11588|FRESUBIN HP ENERGY 1000 ML EB|48|PC|1296|0|0|900|1102|10|0|0|0|0|0|0|||||||70||||||70|||||||
|C170|2|11666|FRESUBIN ORIGINAL FSMP 1000 ML L EB IN|8|PC|227,52|0|0|900|1102|10|0|0|0|0|0|0|||||||70||||||70|||||||
|C170|3|11582|FREBINI ENERGY  500 ML|30|PC|988,2|0|0|900|1102|10|0|0|0|0|0|0|||||||70||||||70|||||||
|C170|4|11583|FRESUBIN PROTEIN POWDER|3|PT|216|0|0|900|1102|10|0|0|0|0|0|0|||||||70||||||70|||||||
|C170|5|11589|FREBINI ORIGINAL  500 ML|15|PC|508,35|0|0|900|1102|10|0|0|0|0|0|0|||||||70||||||70|||||||
|C170|6|11587|FREBINI ORIGINAL FIBRE 500ML|15|PC|508,35|0|0|900|1102|10|0|0|0|0|0|0|||||||70||||||70|||||||
|C170|7|11641|FRESUBIN 2KCAL HP FIBRE 500ML|30|BL|1256,7|0|0|900|1102|10|0|0|0|0|0|0|||||||70||||||70|||||||
|C190|900|1102|0|5001,12|0|0|0|0|0|0||
|C195|913||
|C100|0|1|5b0d4cc9dd5d36210c5a596a|55|00|001|724|28181129855950000180550010000007241901346727|14112018|14112018|5001,12|0|0|0|5001,12|0|0|0|0|0|0|0|0|0|0|0|0|0|
|C170|1|11588|FRESUBIN HP ENERGY 1000 ML EB|48|PC|1296|0|0|102|1102|10|0|0|0|0|0|0|||||||70||||||70|||||||
|C170|2|11666|FRESUBIN ORIGINAL FSMP 1000 ML L EB IN|8|PC|227,52|0|0|102|1102|10|0|0|0|0|0|0|||||||70||||||70|||||||
|C170|3|11587|FREBINI ORIGINAL FIBRE 500ML|15|PC|508,35|0|0|102|1102|10|0|0|0|0|0|0|||||||70||||||70|||||||
|C170|4|11582|FREBINI ENERGY  500 ML|30|PC|988,2|0|0|102|1102|10|0|0|0|0|0|0|||||||70||||||70|||||||
|C170|5|11583|FRESUBIN PROTEIN POWDER|3|PT|216|0|0|102|1102|10|0|0|0|0|0|0|||||||70||||||70|||||||
|C170|6|11589|FREBINI ORIGINAL  500 ML|15|PC|508,35|0|0|102|1102|10|0|0|0|0|0|0|||||||70||||||70|||||||
|C170|7|11641|FRESUBIN 2KCAL HP FIBRE 500ML|30|BL|1256,7|0|0|102|1102|10|0|0|0|0|0|0|||||||70||||||70|||||||
|C190|102|1102|0|5001,12|0|0|0|0|0|0||
|C195|914||
|C100|0|1|5b0d4cc9dd5d36210c5a596a|55|00|001|725|28181129855950000180550010000007251644445575|14112018|14112018|3498,24|1|0|0|3498,24|0|0|0|0|0|0|0|0|0|0|0|0|0|
|C170|1|11580|FRESUBIN PROTEIN ENERGY DRINK  VANILA|24|PC|209,04|0|0|102|1102|10|0|0|0|0|0|0|||||||70||||||70|||||||
|C170|2|11581|FRESUBIN PROTEIN ENERGY DRINK  CHOCOLAT|24|PC|209,04|0|0|102|1102|10|0|0|0|0|0|0|||||||70||||||70|||||||
|C170|3|11601|FRESUBIN PROTEIN ENERGY DRINK CAPUCCINO|24|PC|209,04|0|0|102|1102|10|0|0|0|0|0|0|||||||70||||||70|||||||
|C170|4|11583|FRESUBIN PROTEIN POWDER|9|PT|648|0|0|102|1102|10|0|0|0|0|0|0|||||||70||||||70|||||||
|C170|5|11584|FRESUBIN 2KCAL HP|30|PC|1256,7|0|0|102|1102|10|0|0|0|0|0|0|||||||70||||||70|||||||
|C170|6|11585|FRESUBIN PROTEIN ENERGY DRINK  FR VERME|24|PC|209,04|0|0|102|1102|10|0|0|0|0|0|0|||||||70||||||70|||||||
|C170|7|11709|FRESUBIN PROTEIN ENERGY DRINK ABACAXI|24|PC|209,04|0|0|102|1102|10|0|0|0|0|0|0|||||||70||||||70|||||||
|C170|8|11715|FRESUBIN PROTEIN ENERGY DRINK AVELA|24|PC|209,04|0|0|102|1102|10|0|0|0|0|0|0|||||||70||||||70|||||||
|C170|9|11978|FRESUBIN ENERGY FIBRE 1500 ML|10|PC|339,3|0|0|102|1102|10|0|0|0|0|0|0|||||||70||||||70|||||||
|C190|102|1102|0|3498,24|0|0|0|0|0|0||
|C195|915||
|C100|0|1|5b0d4cc9dd5d36210c5a596a|55|00|001|726|28181129855950000180550010000007261988509105|14112018|14112018|5001,12|1|0|0|5001,12|0|0|0|0|0|0|0|0|0|0|0|0|0|
|C170|1|11588|FRESUBIN HP ENERGY 1000 ML EB|48|PC|1296|0|0|102|1102|10|0|0|0|0|0|0|||||||70||||||70|||||||
|C170|2|11666|FRESUBIN ORIGINAL FSMP 1000 ML L EB IN|8|PC|227,52|0|0|102|1102|10|0|0|0|0|0|0|||||||70||||||70|||||||
|C170|3|11582|FREBINI ENERGY  500 ML|30|PC|988,2|0|0|102|1102|10|0|0|0|0|0|0|||||||70||||||70|||||||
|C170|4|11583|FRESUBIN PROTEIN POWDER|3|PT|216|0|0|102|1102|10|0|0|0|0|0|0|||||||70||||||70|||||||
|C170|5|11589|FREBINI ORIGINAL  500 ML|15|PC|508,35|0|0|102|1102|10|0|0|0|0|0|0|||||||70||||||70|||||||
|C170|6|11587|FREBINI ORIGINAL FIBRE 500ML|15|PC|508,35|0|0|102|1102|10|0|0|0|0|0|0|||||||70||||||70|||||||
|C170|7|11641|FRESUBIN 2KCAL HP FIBRE 500ML|30|BL|1256,7|0|0|102|1102|10|0|0|0|0|0|0|||||||70||||||70|||||||
|C190|102|1102|0|5001,12|0|0|0|0|0|0||
|C195|916||
|C100|0|1|5b0d4cc9dd5d36210c5a57ad|55|00|004|153783|28181102489982000152550040001537831505684957|14112018|14112018|8974,39|1|0|0|8442,5|0|0|0|0|8442,5|1519,64|0|0|0|0|0|0|0|
|C170|1|12217|COPO MARATA CM 250 20 X 100 2000 UN|40|CX|2446,8|0|0|010|1102|10|2446,8|18|440,42|0|0|0|||||||70||||||70|||||||
|C170|2|12378|COPO MARATA CM 300 20 X 100 2000 UN|20|CX|1455|0|0|010|1102|10|1455|18|261,9|0|0|0|||||||70||||||70|||||||
|C170|3|12219|COPO MARATA CM 200 PREFRIGERANTE 25 X 100 2500 UN|20|CX|1155,4|0|0|010|1102|10|1155,4|18|207,97|0|0|0|||||||70||||||70|||||||
|C170|4|12220|POTE MARATA PM 100 PSORVETE 20 X 100 2000 UN|10|CX|530,6|0|0|010|1102|10|530,6|18|95,51|0|0|0|||||||70||||||70|||||||
|C170|5|12222|TAMPA MARATA PPOTES TM 75 40 X 50 2000 UN|10|CX|614,9|0|0|010|1102|10|614,9|18|110,68|0|0|0|||||||70||||||70|||||||
|C170|6|12223|TAMPA MARATA PPOTES TM 82 40 X 50 2000 UN|30|CX|2239,8|0|0|010|1102|10|2239,8|18|403,16|0|0|0|||||||70||||||70|||||||
|C190|010|1102|18|8974,39|8442,5|1519,64|0|0|0|0||
|C195|721|Base de cálculo do ICMSST: R$11397,38, Valor do ICMSST: R$531,89|
|C195|917||
|C100|0|1|5b0d4cc9dd5d36210c5a596f|55|00|011|426892|29181193209765042626550110004268921411358002|14112018|14112018|1644,14|0|0|0|1429,44|0|0|0|0|1429,44|171,53|0|0|0|0|0|0|0|
|C170|1|12375|MILH VDE QUERO LT 24X 200G|39|CX|833,04|0|0|000|1102|10|833,04|12|99,96|0|0|0|||||||70||||||70|||||||
|C170|2|12241|REFRI GUAR ANTARC 12X350 ZERO|40|CX|596,4|0|0|010|1102|10|596,4|12|71,57|0|0|0|||||||70||||||70|||||||
|C190|000|1102|12|833,04|833,04|99,96|0|0|0|0||
|C190|010|1102|12|811,1|596,4|71,57|0|0|0|0||
|C195|721|Base de cálculo do ICMSST: R$1431,36, Valor do ICMSST: R$186,07|
|C195|918||
|C100|0|1|5b0d4cc9dd5d36210c5a596f|55|00|011|426893|29181193209765042626550110004268931031899955|14112018|14112018|5500|0|0|0|5500|0|0|0|0|5500|660|0|0|0|0|0|0|0|
|C170|1|11970|CAFE VP JARDIM TRAD 20X250|100|CX|5500|0|0|000|1102|10|5500|12|660|0|0|0|||||||70||||||70|||||||
|C190|000|1102|12|5500|5500|660|0|0|0|0||
|C195|919||
|C100|0|1|5b0d4cc9dd5d36210c5a57c2|55|00|001|23397|28181107505422000168550010000233971000233971|16112018|16112018|86,25|0|0|0|86,25|9|0|0|0|86,25|15,52|0|0|0|0|0|0|0|
|C170|1|1691|POLPA DE UMBU 1KG POMAR|25|UN|86,25|0|0|000|1102|10|86,25|18|15,52|0|0|0|||||||70||||||70|||||||
|C190|000|1102|18|86,25|86,25|15,52|0|0|0|0||
|C195|768||
|C100|0|1|5b0d4cc9dd5d36210c5a5897|55|00|001|59998|28181119064035000201550010000599981111016110|16112018|16112018|264|1|0|0|264|9|0|0|0|264|47,52|0|0|0|0|0|0|0|
|C170|1|11820|ERVILHA 24X200 LT STELLA DORO|10|CX|264|0|0|000|1102|10|264|18|47,52|0|0|0|||||||98|0|0||0|0|98|0|0||0|0||
|C190|000|1102|18|264|264|47,52|0|0|0|0||
|C195|920||
|C100|0|1|5b0d4cc9dd5d36210c5a5896|55|00|001|4372|28181103135252000116550010000043721010000093|16112018|16112018|650|0|0|0|650|0|0|0|0|0|0|0|0|0|0|0|0|0|
|C170|1|10321|FARINHA DE MANDIOCA ISABELLY|10|UN|650|0|0|060|1102|10|0|0|0|0|0|0|||||||70||||||70|||||||
|C190|060|1102|0|650|0|0|0|0|0|0||
|C100|0|1|5b0d4cc9dd5d36210c5a58cc|55|00|001|128367|28181132732679000108550010001283671000386847|16112018|16112018|350,96|0|0|0|350,96|0|0|0|0|350,96|63,18|0|0|0|0|0|0|0|
|C170|1|10525|LUVA DE NEOLATEX NEOPRENE TAMM|36|UN|235,44|0|0|000|1102|10|235,44|18|42,38|0|0|0|||||||70||||||70|||||||
|C170|2|10979|BOTA DE PVC CANO MEDIO BRANCA S FORRO 44|1|UN|28,88|0|0|000|1102|10|28,88|18|5,2|0|0|0|||||||70||||||70|||||||
|C170|3|7557|BOTA DE PVC CANO MEDIO BRANCA S FORRO 4|3|UN|86,64|0|0|000|1102|10|86,64|18|15,6|0|0|0|||||||70||||||70|||||||
|C190|000|1102|18|350,96|350,96|63,18|0|0|0|0||
|C100|0|1|5b0d4cc9dd5d36210c5a57bd|55|00|001|60927|28181105893097000122550010000609271302164460|16112018|16112018|373,75|0|0|0|373,75|1|0|0|0|373,75|67,29|0|0|0|0|0|0|0|
|C170|1|7467|CUBITAN BAUNILHA 200ML|8|UN|130|0|0|200|1102|10|130|18|23,4|0|0|0|||||||70||||||70|||||||
|C170|2|7493|CUBITAN CHOCOLATE 200ML|4|UN|65|0|0|200|1102|10|65|18|11,7|0|0|0|||||||70||||||70|||||||
|C170|3|7493|CUBITAN CHOCOLATE 200ML|2|UN|32,5|0|0|200|1102|10|32,5|18|5,85|0|0|0|||||||70||||||70|||||||
|C170|4|7493|CUBITAN CHOCOLATE 200ML|2|UN|32,5|0|0|200|1102|10|32,5|18|5,85|0|0|0|||||||70||||||70|||||||
|C170|5|7468|CUBITAN MORANGO 200ML|3|UN|48,75|0|0|200|1102|10|48,75|18|8,78|0|0|0|||||||70||||||70|||||||
|C170|6|7468|CUBITAN MORANGO 200ML|3|UN|48,75|0|0|200|1102|10|48,75|18|8,78|0|0|0|||||||70||||||70|||||||
|C170|7|7468|CUBITAN MORANGO 200ML|1|UN|16,25|0|0|200|1102|10|16,25|18|2,93|0|0|0|||||||70||||||70|||||||
|C190|200|1102|18|373,75|373,75|67,29|0|0|0|0||
|C195|921||
|C100|0|1|5b0d4cc9dd5d36210c5a57bd|55|00|001|60928|28181105893097000122550010000609281084459194|16112018|16112018|373,75|0|0|0|373,75|0|0|0|0|373,75|67,28|0|0|0|0|0|0|0|
|C170|1|7467|CUBITAN BAUNILHA 200ML|8|UN|130|0|0|200|1102|10|130|18|23,4|0|0|0|||||||70||||||70|||||||
|C170|2|7493|CUBITAN CHOCOLATE 200ML|8|UN|130|0|0|200|1102|10|130|18|23,4|0|0|0|||||||70||||||70|||||||
|C170|3|7468|CUBITAN MORANGO 200ML|7|UN|113,75|0|0|200|1102|10|113,75|18|20,48|0|0|0|||||||70||||||70|||||||
|C190|200|1102|18|373,75|373,75|67,28|0|0|0|0||
|C195|922||
|C100|0|1|5b0d4cc9dd5d36210c5a5793|55|00|001|135060|28181132838716000159550010001350601425309601|16112018|16112018|1437,6|0|0|0|1437,6|0|0|0|0|1437,6|258,77|0|0|0|0|0|0|0|
|C170|1|8243|ABBOTT JEVITY HICAL RTH 1000ML 15 LT|35|LT|1048,25|0|0|200|1102|10|1048,25|18|188,69|0|0|0|||||||70||||||70|||||||
|C170|2|8243|ABBOTT JEVITY HICAL RTH 1000ML 15 LT|13|LT|389,35|0|0|200|1102|10|389,35|18|70,08|0|0|0|||||||70||||||70|||||||
|C190|200|1102|18|1437,6|1437,6|258,77|0|0|0|0||
|C195|923||
|C100|0|1|5b0d4cc9dd5d36210c5a590d|55|00|001|428|28181113189714000131550010000004281000004288|16112018|16112018|5175|0|0|0|5175|9|0|0|0|5175|931,5|0|0|0|0|0|0|0|
|C170|1|8278|DIANTEIRO|450|KG|5175|0|0|000|1102|10|5175|18|931,5|0|0|0|||||||70||||||70|||||||
|C190|000|1102|18|5175|5175|931,5|0|0|0|0||
|C195|924||
|C100|0|1|5b0d4cc9dd5d36210c5a5793|55|00|001|135064|28181132838716000159550010001350641274510647|16112018|16112018|1437,6|1|0|0|1437,6|0|0|0|0|0|0|0|0|0|0|0|0|0|
|C170|1|8243|ABBOTT JEVITY HICAL RTH 1000ML 15 LT|35|LT|1048,25|0|0|000|1102|10|0|0|0|0|0|0|||||||70||||||70|||||||
|C170|2|8243|ABBOTT JEVITY HICAL RTH 1000ML 15 LT|13|LT|389,35|0|0|000|1102|10|0|0|0|0|0|0|||||||70||||||70|||||||
|C190|000|1102|0|1437,6|0|0|0|0|0|0||
|C195|925||
|C100|0|1|5b0d4cc9dd5d36210c5a5909|55|00|051|982129|29181140499907000161550510009821291002002825|16112018|16112018|646,8|1|0|0|646,8|0|0|0|0|646,8|77,62|0|0|0|0|0|0|0|
|C170|1|11145|0000000049  NG BEB LAC MORANGO 900G CX12UN|14|CX|646,8|0|0|000|1102|10|646,8|12|77,62|0|0|0|||||||70||||||70|||||||
|C190|000|1102|12|646,8|646,8|77,62|0|0|0|0||
|C195|926||
|C100|0|1|5b0d4cc9dd5d36210c5a57a5|55|00|300|44532|28181106057223029900553000000445321102532467|16112018|16112018|267,93|0|0|0|267,93|9|0|0|0|212,9|38,32|0|0|0|0|0|0|0|
|C170|1|11506|ADOCANTE PO TAL E QUAL 500G|2|UN|61,9|0|0|000|1102|10|61,9|18|11,14|0|0|0|||||||70||||||70|||||||
|C170|2|12205|BANANA COMPRIDA KG|1,176|UN|2,1|0|0|040|1102|10|0|0|0|0|0|0|||||||70||||||70|||||||
|C170|3|12370|CERVEJA ITAIPAVA 350ML|2|UN|42,96|0|0|060|1102|10|0|0|0|0|0|0|||||||70||||||70|||||||
|C170|4|12371|LARANJA PERA KG|1,042|UN|2,69|0|0|040|1102|10|0|0|0|0|0|0|||||||70||||||70|||||||
|C170|5|12372|NUTREN ACTIVE 400G MOR|1|UN|39,9|0|0|000|1102|10|39,9|18|7,18|0|0|0|||||||70||||||70|||||||
|C170|6|11443|REFRIG KUAT 2LT GUARANA|1|UN|3,89|0|0|060|1102|10|0|0|0|0|0|0|||||||70||||||70|||||||
|C170|7|12373|REFRIG SCHIN 2LT LARANJA|1|UN|3,39|0|0|060|1102|10|0|0|0|0|0|0|||||||70||||||70|||||||
|C170|8|8802|SAL MOIDO VENEZA 1KG|180|UN|99|0|0|000|1102|10|99|18|17,82|0|0|0|||||||70||||||70|||||||
|C170|9|12374|SILICONE PROAUTO MULTIUSO 321ML|1|UN|12,1|0|0|000|1102|10|12,1|18|2,18|0|0|0|||||||70||||||70|||||||
|C190|000|1102|18|212,9|212,9|38,32|0|0|0|0||
|C190|040|1102|0|4,79|0|0|0|0|0|0||
|C190|060|1102|0|50,24|0|0|0|0|0|0||
|C195|927||
|C100|0|1|5b0d4cc9dd5d36210c5a57bd|55|00|001|60959|28181105893097000122550010000609591649133552|16112018|16112018|1677,58|1|0|0|1677,58|1|0|0|0|1677,58|301,96|0|0|0|0|0|0|0|
|C170|1|9098|INFATRINI PB 125ML|24|UN|670,08|0|0|200|1102|10|670,08|18|120,61|0|0|0|||||||70||||||70|||||||
|C170|2|6678|NEO ADVANCED 400G|5|LT|1007,5|0|0|200|1102|10|1007,5|18|181,35|0|0|0|||||||70||||||70|||||||
|C190|200|1102|18|1677,58|1677,58|301,96|0|0|0|0||
|C195|928||
|C100|0|1|5b0d4cc9dd5d36210c5a579c|55|00|001|8962|28181118656923000323550010000089621000010190|16112018|16112018|820,41|1|0|0|820,41|0|0|0|0|0|0|0|0|0|0|0|0|0|
|C170|1|7461|PRE NAN 400GR  REF: 12094297 No Lote:|23|UN|820,41|0|0|241|1102|10|0|0|0|0|0|0|||||||70||||||70|||||||
|C190|241|1102|0|820,41|0|0|0|0|0|0||
|C195|839||
|C100|0|1|5b0d4cc9dd5d36210c5a579c|55|00|001|8963|28181118656923000323550010000089631000010197|16112018|16112018|749,07|0|0|0|749,07|0|0|0|0|749,07|134,83|0|0|0|0|0|0|0|
|C170|1|7461|PRE NAN 400GR  REF: 12094297 No Lote:|21|UN|749,07|0|0|200|1102|10|749,07|18|134,83|0|0|0|||||||70||||||70|||||||
|C190|200|1102|18|749,07|749,07|134,83|0|0|0|0||
|C195|768||
|C100|0|1|5b0d4cc9dd5d36210c5a596a|55|00|001|732|28181129855950000180550010000007321046782084|16112018|16112018|230,85|1|0|0|230,85|1|0|0|0|0|0|0|0|0|0|0|0|0|
|C170|1|11892|BIOFRASCO NUTRI 100 ML|243|UN|230,85|0|0|102|1102|10|0|0|0|0|0|0|||||||98|0|0||0|0|98|0|0||0|0||
|C190|102|1102|0|230,85|0|0|0|0|0|0||
|C195|929||
|C100|0|1|5b0d4cc9dd5d36210c5a57b9|55|00|001|44104|28181107925203000138550010000441041627642395|16112018|16112018|345|1|0|0|345|0|0|0|0|0|0|0|0|0|0|0|0|0|
|C170|1|10222|SERINGA DESC SR 20 ML SAGULHA LS|500|UN|345|0|0|500|1102|10|0|0|0|0|0|0|||||||70||||||70|||||||
|C190|500|1102|0|345|0|0|0|0|0|0||
|C195|930||
|C100|0|1|5b0d4cc9dd5d36210c5a5769|55|00|001|73787|28181104439268000185550010000737871342103180|16112018|16112018|4800|1|0|0|4800|3|0|0|0|4800|864|0|0|0|0|0|0|0|
|C170|1|10248|MANTEIGA NATVILLE 500 G  24 UNIDADES|20|CX|4800|0|0|000|1102|10|4800|18|864|0|0|0|||||||70||||||70|||||||
|C190|000|1102|18|4800|4800|864|0|0|0|0||
|C195|931||
|C100|0|1|5b0d4cc9dd5d36210c5a5799|55|00|001|71939|28181110483444003013550010000719391001794483|16112018|16112018|1562,6|1|0|0|1560|0|0|0|2,6|1562,6|281,27|0|0|0|0|0|0|0|
|C170|1|8909|LEITE UHT INT VIT BETANIA TP ROSCA 1000|600|UN|1560|0|0|000|1102|10|1562,6|18|281,27|0|0|0|||||||70||||||70|||||||
|C190|000|1102|18|1562,6|1562,6|281,27|0|0|0|0||
|C195|932||
|C100|0|1|5b0d4cc9dd5d36210c5a596c|55|00|001|5845|27181124311730000171550010000058451064514609|16112018|17112018|5100|1|0|0|5100|0|0|0|0|0|0|0|0|0|0|0|0|0|
|C170|1|12376|SACO P LIXO 80X90X06 PRETO ESPECIAL|20,4|UN|5100|0|0|101|1102|10|0|0|0|0|0|0|||||||70||||||70|||||||
|C190|101|1102|0|5100|0|0|0|0|0|0||
|C195|933||
|C100|0|1|5b0d4cc9dd5d36210c5a573c|55|00|001|351787|28181103624188000137550010003517871111016114|16112018|17112018|740,22|1|0|0|740,22|0|0|0|0|12,92|2,33|0|0|0|0|0|0|0|
|C170|1|10951|BATATA PALHA GOLD 500G|2|PC|12,92|0|0|000|1102|10|12,92|18|2,33|0|0|0|||||||70||||||70|||||||
|C170|2|12357|COPO PP 250ML ULTRA ESTRIADO BRC2000|5|CX|333,35|0|0|060|1102|10|0|0|0|0|0|0|||||||70||||||70|||||||
|C170|3|12367|COPO PP 300ML ULTRA ESTRIADO BRC2000|5|CX|393,95|0|0|060|1102|10|0|0|0|0|0|0|||||||70||||||70|||||||
|C190|000|1102|18|12,92|12,92|2,33|0|0|0|0||
|C190|060|1102|0|727,3|0|0|0|0|0|0||
|C195|934||
|C100|0|1|5b0d4cc9dd5d36210c5a5761|55|00|001|40102|27181108840340000132550010000401021522427870|16112018|18112018|1100,32|1|0|0|956,8|1|0|0|0|956,8|114,82|0|0|0|0|0|0|0|
|C170|1|10225|POTES ULTRACOPOS 100ML C2000UN|20|UN|956,8|0|0|000|1102|10|956,8|12|114,82|0|0|0|||||||70||||||70|||||||
|C190|000|1102|12|1100,32|956,8|114,82|0|0|0|0||
|C195|935||
|C100|0|1|5b0d4cc9dd5d36210c5a5877|55|00|001|53782|27181124166316000116550010000537821684235227|16112018|18112018|1333,92|1|0|0|1270,4|1|0|0|0|1270,4|152,45|0|0|0|0|0|0|0|
|C170|1|11902|Sobretampa 9003 Normal Cx C600 und|5|CX|714|0|0|000|1102|10|714|12|85,68|0|0|0|||||||98|0|0||0|0|98|0|0||0|0||
|C170|2|12269|Tampa Para Sobretampa 9003  9001 Branca , Caixa com 600 und|5|UN|556,4|0|0|000|1102|10|556,4|12|66,77|0|0|0|||||||70||||||70|||||||
|C190|000|1102|12|1333,92|1270,4|152,45|0|0|0|0||
|C195|935||
|C100|0|1|5b0d4cc9dd5d36210c5a587b|55|00|001|36981|28181113682404000154550010000369811000369813|19112018|19112018|2820|1|0|0|2820|0|0|0|0|2820|507,6|0|0|0|0|0|0|0|
|C170|1|12005|ACUCAR CRISTAL NOTA 10 30X1|60|CX|2820|0|0|000|1102|10|2820|18|507,6|0|0|0|||||||70||||||70|||||||
|C190|000|1102|18|2820|2820|507,6|0|0|0|0||
|C195|936||
|C100|0|1|5b0d4cc9dd5d36210c5a57ec|55|00|099|328131|28181146395687001508550990003281311669621147|19112018|19112018|48,33|2|0|0|48,33|3|0|0|0|0|0|0|0|0|0|0|0|0|
|C170|1|10647|ONU 1075 GASES DE PETROLEO, LIQUEFEITOS, 21, GPLGLP GRANEL|10|KG|48,33|0|0|060|1126|10|0|0|0|0|0|0|||||||70||||||70|||||||
|C190|060|1126|0|48,33|0|0|0|0|0|0||
|C195|937||
|C100|0|1|5b0d4cc9dd5d36210c5a57c2|55|00|001|23411|28181107505422000168550010000234111000234111|19112018|19112018|69|0|0|0|69|9|0|0|0|69|12,42|0|0|0|0|0|0|0|
|C170|1|1691|POLPA DE UMBU 1KG POMAR|20|UN|69|0|0|000|1102|10|69|18|12,42|0|0|0|||||||70||||||70|||||||
|C190|000|1102|18|69|69|12,42|0|0|0|0||
|C195|768||
|C100|0|1|5b0d4cc9dd5d36210c5a57bb|55|00|001|408774|27181163310411001922550010004087741892596027|16112018|19112018|1350|1|0|0|1350|0|0|0|0|1350|162|0|0|0|0|0|0|0|
|C170|1|2113|Colorif Kim 100g|200|KG|812|0|0|000|1102|10|812|12|97,44|0|0|0|||||||70||||||70|||||||
|C170|2|2139|Temp Misto DC 100g|100|KG|538|0|0|500|1102|10|538|12|64,56|0|0|0|||||||70||||||70|||||||
|C190|000|1102|12|812|812|97,44|0|0|0|0||
|C190|500|1102|12|538|538|64,56|0|0|0|0||
|C195|938||
|C100|0|1|5b0d4cc9dd5d36210c5a57bb|55|00|001|408775|27181163310411001922550010004087751604421738|16112018|19112018|48,6|0|0|0|48,6|0|0|0|0|48,6|5,84|0|0|0|0|0|0|0|
|C170|1|2113|Colorif Kim 100g|10|KG|22,3|0|0|000|1102|10|22,3|12|2,68|0|0|0|||||||70||||||70|||||||
|C170|2|2139|Temp Misto DC 100g|10|KG|26,3|0|0|500|1102|10|26,3|12|3,16|0|0|0|||||||70||||||70|||||||
|C190|000|1102|12|22,3|22,3|2,68|0|0|0|0||
|C190|500|1102|12|26,3|26,3|3,16|0|0|0|0||
|C195|939||
|C100|0|1|5b0d4cc9dd5d36210c5a579c|55|00|001|8965|28181118656923000323550010000089651000010191|19112018|19112018|3693|1|0|0|3693|0|0|0|0|3693|664,74|0|0|0|0|0|0|0|
|C170|1|11028|BIOFRASCONUTRI ENTERAL 300ML No Lote: L167497Data: 20221116|900|UN|693|0|0|000|1102|10|693|18|124,74|0|0|0|||||||70||||||70|||||||
|C170|2|11021|EQL E NS Y NO LUER LF 2001  REF: 10008228 No Lote: EQP1778453Data: 20220930|200|UN|3000|0|0|000|1102|10|3000|18|540|0|0|0|||||||70||||||70|||||||
|C190|000|1102|18|3693|3693|664,74|0|0|0|0||
|C195|940||
|C100|0|1|5b0d4cc9dd5d36210c5a579c|55|00|001|8966|28181118656923000323550010000089661000010199|19112018|19112018|9942,04|1|0|0|9942,04|0|0|0|0|0|0|0|0|0|0|0|0|0|
|C170|1|7501|NOVASOURCE GC 15 SF 1000ML  REF: 12234|66|UN|5049|0|0|541|1102|10|0|0|0|0|0|0|||||||70||||||70|||||||
|C170|2|9617|IMPACT PEPTIDE 15 SF 1000ML  REF: 1230|18|UN|1618,2|0|0|241|1102|10|0|0|0|0|0|0|||||||70||||||70|||||||
|C170|3|7340|NUTREN SENIOR 200ML MIX DE FRUTAS  REF:|54|UN|656,1|0|0|041|1102|10|0|0|0|0|0|0|||||||70||||||70|||||||
|C170|4|7012|NUTREN 20 200ML VITAMINA DE FRUTAS  RE|81|UN|741,15|0|0|541|1102|10|0|0|0|0|0|0|||||||70||||||70|||||||
|C170|5|11481|NOVASOURCE PROLINE 27X200M No Lote: 8006046052Data: 20190101|81|UN|1275,75|0|0|541|1102|10|0|0|0|0|0|0|||||||70||||||70|||||||
|C170|6|8013|RESOURCE FIBERMAIS FLORA CX 6 SACHES 5G|8|UN|421,84|0|0|041|1102|10|0|0|0|0|0|0|||||||70||||||70|||||||
|C170|7|8789|SIMFORT CX 30 SACHES 2GR|2|UN|180|0|0|041|1102|10|0|0|0|0|0|0|||||||70||||||70|||||||
|C190|541|1102|0|7065,9|0|0|0|0|0|0||
|C190|241|1102|0|1618,2|0|0|0|0|0|0||
|C190|041|1102|0|1257,94|0|0|0|0|0|0||
|C195|941||
|C100|0|1|5b0d4cc9dd5d36210c5a596a|55|00|001|735|28181129855950000180550010000007351462202622|19112018|19112018|426,6|0|0|0|426,6|0|0|0|0|0|0|0|0|0|0|0|0|0|
|C170|1|11855|HDMAX 200 ML|27|PC|426,6|0|0|900|1102|10|0|0|0|0|0|0|||||||98|0|0||0|0|98|0|0||0|0||
|C190|900|1102|0|426,6|0|0|0|0|0|0||
|C195|847||
|C100|0|1|5b0d4cc9dd5d36210c5a596a|55|00|001|736|28181129855950000180550010000007361162174701|19112018|19112018|426,6|1|0|0|426,6|0|0|0|0|0|0|0|0|0|0|0|0|0|
|C170|1|11855|HDMAX 200 ML|27|PC|426,6|0|0|102|1102|10|0|0|0|0|0|0|||||||98|0|0||0|0|98|0|0||0|0||
|C190|102|1102|0|426,6|0|0|0|0|0|0||
|C195|942||
|C100|0|1|5b0d4cc9dd5d36210c5a579c|55|00|001|8967|28181118656923000323550010000089671000010200|19112018|19112018|9942,04|0|0|0|9942,04|0|0|0|0|9942,04|1789,58|0|0|0|0|0|0|0|
|C170|1|7501|NOVASOURCE GC 15 SF 1000ML  REF: 12234|66|UN|5049|0|0|500|1102|10|5049|18|908,82|0|0|0|||||||70||||||70|||||||
|C170|2|9617|IMPACT PEPTIDE 15 SF 1000ML  REF: 1230|18|UN|1618,2|0|0|200|1102|10|1618,2|18|291,28|0|0|0|||||||70||||||70|||||||
|C170|3|7340|NUTREN SENIOR 200ML MIX DE FRUTAS  REF:|54|UN|656,1|0|0|000|1102|10|656,1|18|118,1|0|0|0|||||||70||||||70|||||||
|C170|4|7012|NUTREN 20 200ML VITAMINA DE FRUTAS  RE|81|UN|741,15|0|0|500|1102|10|741,15|18|133,41|0|0|0|||||||70||||||70|||||||
|C170|5|11481|NOVASOURCE PROLINE 27X200M No Lote: 8006046052Data: 20190101|81|UN|1275,75|0|0|500|1102|10|1275,75|18|229,64|0|0|0|||||||70||||||70|||||||
|C170|6|8013|RESOURCE FIBERMAIS FLORA CX 6 SACHES 5G|8|UN|421,84|0|0|000|1102|10|421,84|18|75,93|0|0|0|||||||70||||||70|||||||
|C170|7|8789|SIMFORT CX 30 SACHES 2GR|2|UN|180|0|0|000|1102|10|180|18|32,4|0|0|0|||||||70||||||70|||||||
|C190|500|1102|18|7065,9|7065,9|1271,87|0|0|0|0||
|C190|200|1102|18|1618,2|1618,2|291,28|0|0|0|0||
|C190|000|1102|18|1257,94|1257,94|226,43|0|0|0|0||
|C100|0|1|5b0d4cc9dd5d36210c5a596a|55|00|001|737|28181129855950000180550010000007371292892814|19112018|19112018|3762,7|0|0|0|3762,7|0|0|0|0|0|0|0|0|0|0|0|0|0|
|C170|1|11588|FRESUBIN HP ENERGY 1000 ML EB|80|PC|2160|0|0|900|1102|10|0|0|0|0|0|0|||||||70||||||70|||||||
|C170|2|11583|FRESUBIN PROTEIN POWDER|3|PT|216|0|0|900|1102|10|0|0|0|0|0|0|||||||70||||||70|||||||
|C170|3|12014|FRESUBIN 5KCAL SHOT DRINK CREME 120ML|5|CX|130|0|0|900|1102|10|0|0|0|0|0|0|||||||70||||||70|||||||
|C170|4|11641|FRESUBIN 2KCAL HP FIBRE 500ML|30|BL|1256,7|0|0|900|1102|10|0|0|0|0|0|0|||||||70||||||70|||||||
|C190|900|1102|0|3762,7|0|0|0|0|0|0||
|C195|943||
|C100|0|1|5b0d4cc9dd5d36210c5a596a|55|00|001|738|28181129855950000180550010000007381494039494|19112018|19112018|3762,7|1|0|0|3762,7|0|0|0|0|0|0|0|0|0|0|0|0|0|
|C170|1|11588|FRESUBIN HP ENERGY 1000 ML EB|80|PC|2160|0|0|102|1102|10|0|0|0|0|0|0|||||||70||||||70|||||||
|C170|2|11583|FRESUBIN PROTEIN POWDER|3|PT|216|0|0|102|1102|10|0|0|0|0|0|0|||||||70||||||70|||||||
|C170|3|12014|FRESUBIN 5KCAL SHOT DRINK CREME 120ML|5|CX|130|0|0|102|1102|10|0|0|0|0|0|0|||||||70||||||70|||||||
|C170|4|11641|FRESUBIN 2KCAL HP FIBRE 500ML|30|BL|1256,7|0|0|102|1102|10|0|0|0|0|0|0|||||||70||||||70|||||||
|C190|102|1102|0|3762,7|0|0|0|0|0|0||
|C195|944||
|C100|0|1|5b0d4cc9dd5d36210c5a596a|55|00|001|739|28181129855950000180550010000007391463210512|19112018|19112018|5045,22|1|0|0|5045,22|0|0|0|0|0|0|0|0|0|0|0|0|0|
|C170|1|11581|FRESUBIN PROTEIN ENERGY DRINK  CHOCOLAT|24|PC|209,04|0|0|102|1102|10|0|0|0|0|0|0|||||||70||||||70|||||||
|C170|2|11601|FRESUBIN PROTEIN ENERGY DRINK CAPUCCINO|24|PC|209,04|0|0|102|1102|10|0|0|0|0|0|0|||||||70||||||70|||||||
|C170|3|11583|FRESUBIN PROTEIN POWDER|9|PT|648|0|0|102|1102|10|0|0|0|0|0|0|||||||70||||||70|||||||
|C170|4|11584|FRESUBIN 2KCAL HP|30|PC|1256,7|0|0|102|1102|10|0|0|0|0|0|0|||||||70||||||70|||||||
|C170|5|11709|FRESUBIN PROTEIN ENERGY DRINK ABACAXI|24|PC|209,04|0|0|102|1102|10|0|0|0|0|0|0|||||||70||||||70|||||||
|C170|6|11641|FRESUBIN 2KCAL HP FIBRE 500ML|60|BL|2513,4|0|0|102|1102|10|0|0|0|0|0|0|||||||70||||||70|||||||
|C190|102|1102|0|5045,22|0|0|0|0|0|0||
|C195|945||
|C100|0|1|5b0d4cc9dd5d36210c5a57b9|55|00|001|44121|28181107925203000138550010000441211065254003|19112018|19112018|510|0|0|0|510|0|0|0|0|0|0|0|0|0|0|0|0|0|
|C170|1|7548|GLUTAMAX 10 GR|60|UN|240|0|0|900|1102|10|0|0|0|0|0|0|||||||70||||||70|||||||
|C170|2|7938|SIMFORT 2G  30 SACHES|3|CX|270|0|0|900|1102|10|0|0|0|0|0|0|||||||70||||||70|||||||
|C190|900|1102|0|510|0|0|0|0|0|0||
|C195|946||
|C100|0|1|5b0d4cc9dd5d36210c5a57b9|55|00|001|44122|28181107925203000138550010000441221912328537|19112018|19112018|510|1|0|0|510|0|0|0|0|0|0|0|0|0|0|0|0|0|
|C170|1|7548|GLUTAMAX 10 GR|60|UN|240|0|0|102|1102|10|0|0|0|0|0|0|||||||70||||||70|||||||
|C170|2|7938|SIMFORT 2G  30 SACHES|3|CX|270|0|0|102|1102|10|0|0|0|0|0|0|||||||70||||||70|||||||
|C190|102|1102|0|510|0|0|0|0|0|0||
|C195|947||
|C100|0|1|5b0d4cc9dd5d36210c5a5793|55|00|001|135119|28181132838716000159550010001351191465109190|19112018|19112018|7270,08|0|0|0|7270,08|0|0|0|0|7270,08|1308,62|0|0|0|0|0|0|0|
|C170|1|10761|GLUCERNA 1,5 RTH 1000ML LT|88|LT|6842,88|0|0|200|1102|10|6842,88|18|1231,72|0|0|0|||||||70||||||70|||||||
|C170|2|7449|GLUCERNA RPB BAUNILHA 200ML PACK UND|48|UN|427,2|0|0|200|1102|10|427,2|18|76,9|0|0|0|||||||70||||||70|||||||
|C190|200|1102|18|7270,08|7270,08|1308,62|0|0|0|0||
|C195|948||
|C100|0|1|5b0d4cc9dd5d36210c5a5913|55|00|001|25099|15181103721769000944550010000250991005663379|19112018|19112018|10662,22|2|0|0|10662,22|0|0|0|0|10662,22|1279,47|0|0|0|0|0|0|0|
|C170|1|11014|ACEMPESCOCOCOSTELA DO DIANTEIRO|1015,45|KG|10662,22|0|0|000|1126|10|10662,22|12|1279,47|0|0|0|||||||70||||||70|||||||
|C190|000|1126|12|10662,22|10662,22|1279,47|0|0|0|0||
|C195|949||
|C100|0|1|5b0d4cc9dd5d36210c5a5793|55|00|001|135131|28181132838716000159550010001351311365110310|19112018|19112018|7270,08|1|0|0|7270,08|0|0|0|0|0|0|0|0|0|0|0|0|0|
|C170|1|10762|ABBOTT GLUCERNA 15 RTH 1000ML LT|88|LT|6842,88|0|0|200|1102|10|0|0|0|0|0|0|||||||70||||||70|||||||
|C170|2|6331|ABBOTT ENSURE PROTEINA RPB BAUNILHA 220M|48|UN|427,2|0|0|000|1102|10|0|0|0|0|0|0|||||||70||||||70|||||||
|C190|200|1102|0|6842,88|0|0|0|0|0|0||
|C190|000|1102|0|427,2|0|0|0|0|0|0||
|C195|950||
|C100|0|1|5b0d4cc9dd5d36210c5a58de|55|00|001|357399|28181100067807000141550010003573991044210996|19112018|19112018|1402,5|0|91,5|0|1494|0|0|0|0|1402,5|252,45|0|0|0|0|0|0|0|
|C170|1|9927|QUENTINHA 240MLT90 CXC200 TERMICA R13|30|CX|1494|91,5|0|000|1102|10|1402,5|18|252,45|0|0|0|||||||70||||||70|||||||
|C190|000|1102|18|1402,5|1402,5|252,45|0|0|0|0||
|C195|951||
|C100|0|1|5b0d4cc9dd5d36210c5a58de|55|00|001|357431|28181100067807000141550010003574311494113311|19112018|19112018|363|0|115,8|0|478,8|0|0|0|0|363|65,34|0|0|0|0|0|0|0|
|C170|1|12380|BATATA PALHA GOLD 500GR301336|60|PC|478,8|115,8|0|000|1102|10|363|18|65,34|0|0|0|||||||70||||||70|||||||
|C190|000|1102|18|363|363|65,34|0|0|0|0||
|C195|952||
|C100|0|1|5b0d4cc9dd5d36210c5a57bd|55|00|001|60984|28181105893097000122550010000609841309538222|19112018|19112018|4125,16|0|0|0|4125,16|0|0|0|0|4125,16|742,52|0|0|0|0|0|0|0|
|C170|1|7465|CALOGEN SSABOR 200ML|4|UN|206,24|0|0|200|1102|10|206,24|18|37,12|0|0|0|||||||70||||||70|||||||
|C170|2|7467|CUBITAN BAUNILHA 200ML|48|UN|780|0|0|200|1102|10|780|18|140,4|0|0|0|||||||70||||||70|||||||
|C170|3|7493|CUBITAN CHOCOLATE 200ML|24|UN|390|0|0|200|1102|10|390|18|70,2|0|0|0|||||||70||||||70|||||||
|C170|4|7468|CUBITAN MORANGO 200ML|24|UN|390|0|0|200|1102|10|390|18|70,2|0|0|0|||||||70||||||70|||||||
|C170|5|9098|INFATRINI PB 125ML|24|UN|670,08|0|0|200|1102|10|670,08|18|120,61|0|0|0|||||||70||||||70|||||||
|C170|6|10102|MILUPA 1 400G|2|LT|15|0|0|200|1102|10|15|18|2,7|0|0|0|||||||70||||||70|||||||
|C170|7|10101|NUTRI RENAL D 20 TP 1000ML|12|UN|840,84|0|0|000|1102|10|840,84|18|151,35|0|0|0|||||||70||||||70|||||||
|C170|8|1538|PREGOMIN PEPTI 400G|7|LT|833|0|0|200|1102|10|833|18|149,94|0|0|0|||||||70||||||70|||||||
|C190|200|1102|18|3284,32|3284,32|591,17|0|0|0|0||
|C190|000|1102|18|840,84|840,84|151,35|0|0|0|0||
|C195|790||
|C100|0|1|5b0d4cc9dd5d36210c5a57bd|55|00|001|60985|28181105893097000122550010000609851133306399|19112018|19112018|4125,16|1|0|0|4125,16|3|0|0|0|0|0|0|0|0|0|0|0|0|
|C170|1|7465|CALOGEN SSABOR 200ML|4|UN|206,24|0|0|200|1102|10|0|0|0|0|0|0|||||||70||||||70|||||||
|C170|2|7467|CUBITAN BAUNILHA 200ML|48|UN|780|0|0|200|1102|10|0|0|0|0|0|0|||||||70||||||70|||||||
|C170|3|7493|CUBITAN CHOCOLATE 200ML|24|UN|390|0|0|200|1102|10|0|0|0|0|0|0|||||||70||||||70|||||||
|C170|4|7468|CUBITAN MORANGO 200ML|24|UN|390|0|0|200|1102|10|0|0|0|0|0|0|||||||70||||||70|||||||
|C170|5|9098|INFATRINI PB 125ML|24|UN|670,08|0|0|200|1102|10|0|0|0|0|0|0|||||||70||||||70|||||||
|C170|6|10102|MILUPA 1 400G|2|LT|15|0|0|200|1102|10|0|0|0|0|0|0|||||||70||||||70|||||||
|C170|7|10101|NUTRI RENAL D 20 TP 1000ML|12|UN|840,84|0|0|000|1102|10|0|0|0|0|0|0|||||||70||||||70|||||||
|C170|8|1538|PREGOMIN PEPTI 400G|7|LT|833|0|0|200|1102|10|0|0|0|0|0|0|||||||70||||||70|||||||
|C190|200|1102|0|3284,32|0|0|0|0|0|0||
|C190|000|1102|0|840,84|0|0|0|0|0|0||
|C195|953||
|C100|0|1|5b0d4cc9dd5d36210c5a57bd|55|00|001|60986|28181105893097000122550010000609861316145090|19112018|19112018|86,7|1|0|0|86,7|1|0|0|0|86,7|15,6|0|0|0|0|0|0|0|
|C170|1|8474|APTAMIL SOJA 1 400G|1|LT|42,9|0|0|200|1102|10|42,9|18|7,72|0|0|0|||||||70||||||70|||||||
|C170|2|5172|APTAMIL SOJA 2 400 G|1|LT|43,8|0|0|200|1102|10|43,8|18|7,88|0|0|0|||||||70||||||70|||||||
|C190|200|1102|18|86,7|86,7|15,6|0|0|0|0||
|C195|954||
|C100|0|1|5b0d4cc9dd5d36210c5a57bd|55|00|001|60987|28181105893097000122550010000609871961465853|19112018|19112018|817,5|0|0|0|817,5|0|0|0|0|817,5|147,15|0|0|0|0|0|0|0|
|C170|1|11841|APTAMIL 1 PROFUTURA 400G|9|UN|103,5|0|0|200|1102|10|103,5|18|18,63|0|0|0|||||||98|0|0||0|0|98|0|0||0|0||
|C170|2|1538|PREGOMIN PEPTI 400G|6|LT|714|0|0|200|1102|10|714|18|128,52|0|0|0|||||||70||||||70|||||||
|C190|200|1102|18|817,5|817,5|147,15|0|0|0|0||
|C195|768||
|C100|0|1|5b0d4cc9dd5d36210c5a57bd|55|00|001|60988|28181105893097000122550010000609881624378944|19112018|19112018|817,5|1|0|0|817,5|3|0|0|0|0|0|0|0|0|0|0|0|0|
|C170|1|11841|APTAMIL 1 PROFUTURA 400G|9|UN|103,5|0|0|200|1102|10|0|0|0|0|0|0|||||||98|0|0||0|0|98|0|0||0|0||
|C170|2|1538|PREGOMIN PEPTI 400G|6|LT|714|0|0|200|1102|10|0|0|0|0|0|0|||||||70||||||70|||||||
|C190|200|1102|0|817,5|0|0|0|0|0|0||
|C195|955||
|C100|0|1|5b0d4cc9dd5d36210c5a57a5|55|00|300|44687|28181106057223029900553000000446871102702358|19112018|19112018|558|0|0|0|558|9|0|0|0|0|0|0|0|0|0|0|0|0|
|C170|1|12377|PNEU GOODYEAR 17570 R14 TOURING 88T|2|UN|558|0|0|060|1102|10|0|0|0|0|0|0|||||||70||||||70|||||||
|C190|060|1102|0|558|0|0|0|0|0|0||
|C195|956||
|C100|0|1|5b0d4cc9dd5d36210c5a5799|55|00|001|72073|28181110483444003013550010000720731441723514|19112018|19112018|1069,4|1|0|0|1066,8|0|0|0|2,6|1069,4|192,48|0|0|0|0|0|0|0|
|C170|1|8785|L FER GAR BELLE LIGHT AMEIXA BETA 900G|48|UN|268,32|0|0|000|1102|10|268,97|18|48,41|0|0|0|||||||70||||||70|||||||
|C170|2|10250|L FER GAR BELLE LIGHT MORANGO BETA 900G|48|UN|268,32|0|0|000|1102|10|268,97|18|48,41|0|0|0|||||||70||||||70|||||||
|C170|3|8883|REQUEIJAO CREMOSO BETA 200G|120|UN|396|0|0|000|1102|10|396,97|18|71,45|0|0|0|||||||70||||||70|||||||
|C170|4|8786|LEI FER BELLE LIGHT PAPAIA C LINHACA 900|24|UN|134,16|0|0|000|1102|10|134,49|18|24,21|0|0|0|||||||70||||||70|||||||
|C190|000|1102|18|1069,4|1069,4|192,48|0|0|0|0||
|C195|957||
|C100|0|1|5b0d4cc9dd5d36210c5a5751|55|00|001|669341|28181107488144000188550010006693411111019113|19112018|20112018|658,09|1|0|0|658,09|0|0|0|0|658,09|118,46|0|0|0|0|0|0|0|
|C170|1|12261|MARGARINA PRIMOR TODO DIA 500G|240|UN|658,09|0|0|010|1102|10|658,09|18|118,46|0|0|0|||||||70||||||70|||||||
|C190|010|1102|18|658,09|658,09|118,46|0|0|0|0||
|C195|958||
|C100|0|1|5b0d4cc9dd5d36210c5a5944|55|00|001|825|28181128409002000158550010000008251143779568|20112018|20112018|2304|1|0|0|2304|9|0|0|0|0|0|0|0|0|0|0|0|0|
|C170|1|10803|SUMA D27 BB 5L|12|UN|624|0|0|102|1102|10|0|0|0|0|0|0|||||||70||||||70|||||||
|C170|2|10868|LIMPA ALUMINIO MMV|12|UN|1680|0|0|102|1102|10|0|0|0|0|0|0|||||||70||||||70|||||||
|C190|102|1102|0|2304|0|0|0|0|0|0||
|C195|959||
|C100|0|1|5b0d4cc9dd5d36210c5a57ff|55|00|001|14290|28181109397520000154550010000142901000142902|20112018|20112018|778,5|1|0|0|778,5|9|0|0|0|778,5|140,13|0|0|0|0|0|0|0|
|C170|1|11576|HAMBURGUER GRAN FILE CX 2,80KG|30|CX|778,5|0|0|000|1102|10|778,5|18|140,13|0|0|0|||||||70||||||70|||||||
|C190|000|1102|18|778,5|778,5|140,13|0|0|0|0||
|C195|960||
|C100|0|1|5b1133f3dd5d3637f0bb3b2a|55|00|001|852|28181128535028000142550010000008521991844817|20112018|20112018|1386|1|0|0|1320|9|0|0|0|1320|237,6|0|0|0|0|0|0|0|
|C170|1|11960|PACOTE CHARTAM ECONOMY BRANCO 1000 FOLHAS|200|PC|1320|0|0|000|1102|10|1320|18|237,6|0|0|0|||||||98|0|0||0|0|98|0|0||0|0||
|C190|000|1102|18|1386|1320|237,6|0|0|0|0||
|C195|803||
|C100|0|1|5b0d4cc9dd5d36210c5a5793|55|00|001|135252|28181132838716000159550010001352521061118529|20112018|20112018|403,1|1|0|0|403,1|0|0|0|0|193,1|34,76|0|0|0|0|0|0|0|
|C170|1|9192|AVENTAL CIR MANGA LONGA BRANCO PCT C10 U|10|PC|193,1|0|0|000|1102|10|193,1|18|34,76|0|0|0|||||||70||||||70|||||||
|C170|2|12381|SERINGA DESC SR 20ML SAG LS BICO CENTRAL UND|500|UN|210|0|0|060|1102|10|0|0|0|0|0|0|||||||70||||||70|||||||
|C190|000|1102|18|193,1|193,1|34,76|0|0|0|0||
|C190|060|1102|0|210|0|0|0|0|0|0||
|C195|961||
|C100|0|1|5b0d4cc9dd5d36210c5a57af|55|00|001|182719|28181110667481000490550010001827191111021118|21112018|21112018|602|1|0|0|602|9|0|0|0|602|108,36|0|0|0|0|0|0|0|
|C170|1|12385|PXBACALHAU SAITHE NORUEGA 1012 25KG|1|CX|602|0|0|200|1102|10|602|18|108,36|0|0|0|||||||70||||||70|||||||
|C190|200|1102|18|602|602|108,36|0|0|0|0||
|C195|962||
|C100|0|1|5b0d4cc9dd5d36210c5a5767|55|00|003|1599499|28181103636036000316550030015994991004924486|21112018|21112018|25501,98|1|0|0|24926,9|0|0|0|0|20945,6|3770,21|0|0|0|0|0|0|0|
|C170|1|11052|FIGADO BOV FRIBOI +25KG|166,93|KG|839,66|0|0|060|1102|10|0|0|0|0|0|0|||||||70||||||70|||||||
|C170|2|10956|FILE DE PMERLUZA INTERFIMP EL MARISCO 7KG3|36|UN|4410|0|0|100|1102|10|4410|18|793,8|0|0|0|||||||70||||||70|||||||
|C170|3|12246|CARNE BOVRABADA CONG MARFRIG +20KG|127,754|KG|1750,23|0|0|060|1102|10|0|0|0|0|0|0|||||||70||||||70|||||||
|C170|4|12383|BACALHAU DESFIADO RUIBAOYUAN 10X1KG|2|CX|390|0|0|200|1102|10|390|18|70,2|0|0|0|||||||70||||||70|||||||
|C170|5|11669|CARNE BOVCOSTELA CONG TIRA MAFRIPAR +16KG|150,098|KG|1391,41|0|0|060|1102|10|0|0|0|0|0|0|||||||70||||||70|||||||
|C170|6|12339|AZEITONA VERDE INT SH 24X100G HADA 24X100G CX24|5|CX|159,6|0|0|500|1102|10|159,6|18|28,73|0|0|0|||||||70||||||70|||||||
|C170|7|10814|AZEITE DE OLIVA EV PET 500ML COCINERO 500ML 12|60|UN|873|0|0|200|1102|10|873|18|157,14|0|0|0|||||||70||||||70|||||||
|C170|8|12308|FILE PEITO FRANGO INDIVIDUAL SOMAVE 18KG|100|CX|15113|0|0|010|1102|10|15113|18|2720,34|0|0|0|||||||70||||||70|||||||
|C190|060|1102|0|3981,3|0|0|0|0|0|0||
|C190|100|1102|18|4410|4410|793,8|0|0|0|0||
|C190|200|1102|18|1263|1263|227,34|0|0|0|0||
|C190|500|1102|18|159,6|159,6|28,73|0|0|0|0||
|C190|010|1102|18|15688,08|15113|2720,34|0|0|0|0||
|C195|721|Base de cálculo do ICMSST: R$18307,89, Valor do ICMSST: R$575,08|
|C195|963||
|C100|0|1|5b0d4cc9dd5d36210c5a578e|55|00|002|368224|28181104928281000289550020003682241111021118|21112018|21112018|2178,9|1|0|0|2178,9|9|0|0|0|0|0|0|0|0|0|0|0|0|
|C170|1|11604|ARROZ T VIEIRA PARB T1 30X1KG|900|UN|2178,9|0|0|041|1102|10|0|0|0|0|0|0|||||||70||||||70|||||||
|C190|041|1102|0|2178,9|0|0|0|0|0|0||
|C195|964||
|C100|0|1|5b0d4cc9dd5d36210c5a578e|55|00|002|368223|28181104928281000289550020003682231111021110|21112018|21112018|78,16|0|0|0|78,16|9|0|0|0|0|0|0|0|0|0|0|0|0|
|C170|1|11604|ARROZ T VIEIRA PARB T1 30X1KG|30|UN|78,16|0|0|041|1102|10|0|0|0|0|0|0|||||||70||||||70|||||||
|C190|041|1102|0|78,16|0|0|0|0|0|0||
|C195|965||
|C100|0|1|5b0d4cc9dd5d36210c5a5751|55|00|001|670093|28181107488144000188550010006700931111021110|21112018|21112018|10457,97|1|0|0|10128,06|0|0|0|0|8670|1560,6|0|0|0|0|0|0|0|
|C170|1|12277|FGO COXASOBRECOXA FRIATO CX20KIND|1700|KG|8670|0|0|010|1102|10|8670|18|1560,6|0|0|0|||||||70||||||70|||||||
|C170|2|12384|BOV COSTELA TIRA CONG PLENA CX25K GRAN|160,226|KG|1458,06|0|0|010|1102|10|0|0|0|0|0|0|||||||70||||||70|||||||
|C190|010|1102|18|8999,91|8670|1560,6|0|0|0|0||
|C190|010|1102|0|1458,06|0|0|0|0|0|0||
|C195|721|Base de cálculo do ICMSST: R$10502,84, Valor do ICMSST: R$329,91|
|C195|966||
|C100|0|1|5b0d4cc9dd5d36210c5a579c|55|00|001|8981|28181118656923000323550010000089811000010217|21112018|21112018|157,5|1|0|0|157,5|0|0|0|0|157,5|28,35|0|0|0|0|0|0|0|
|C170|1|7502|IMPACT TORTA DE LIMAO 200ML  REF: 12130|10|UN|157,5|0|0|500|1102|10|157,5|18|28,35|0|0|0|||||||70||||||70|||||||
|C190|500|1102|18|157,5|157,5|28,35|0|0|0|0||
|C195|967||
|C100|0|1|5b0d4cc9dd5d36210c5a579c|55|00|001|8982|28181118656923000323550010000089821000010214|21112018|21112018|428,04|1|0|0|428,04|0|0|0|0|0|0|0|0|0|0|0|0|0|
|C170|1|7461|PRE NAN 400GR  REF: 12094297 No Lote:|12|UN|428,04|0|0|241|1102|10|0|0|0|0|0|0|||||||70||||||70|||||||
|C190|241|1102|0|428,04|0|0|0|0|0|0||
|C195|839||
|C100|0|1|5b0d4cc9dd5d36210c5a579c|55|00|001|8983|28181118656923000323550010000089831000010220|21112018|21112018|428,04|0|0|0|428,04|0|0|0|0|428,04|77,05|0|0|0|0|0|0|0|
|C170|1|7461|PRE NAN 400GR  REF: 12094297 No Lote:|12|UN|428,04|0|0|200|1102|10|428,04|18|77,05|0|0|0|||||||70||||||70|||||||
|C190|200|1102|18|428,04|428,04|77,05|0|0|0|0||
|C195|768||
|C100|0|1|5b0d4cc9dd5d36210c5a579c|55|00|001|8984|28181118656923000323550010000089841000010227|21112018|21112018|4608|1|0|0|4608|0|0|0|0|0|0|0|0|0|0|0|0|0|
|C170|1|7500|PEPTAMEN HN SF 500ML  REF: 12183044 No|36|UN|2448|0|0|241|1102|10|0|0|0|0|0|0|||||||70||||||70|||||||
|C170|2|10113|PEPTAMEN INTENSE SF 100ML  REF: 12259734 No Lote: 6298572115Data: 20171024|24|UN|2160|0|0|241|1102|10|0|0|0|0|0|0|||||||70||||||70|||||||
|C190|241|1102|0|4608|0|0|0|0|0|0||
|C195|968||
|C100|0|1|5b0d4cc9dd5d36210c5a579c|55|00|001|8985|28181118656923000323550010000089851000010224|21112018|21112018|4608|0|0|0|4608|0|0|0|0|4608|829,44|0|0|0|0|0|0|0|
|C170|1|7500|PEPTAMEN HN SF 500ML  REF: 12183044 No|36|UN|2448|0|0|200|1102|10|2448|18|440,64|0|0|0|||||||70||||||70|||||||
|C170|2|10113|PEPTAMEN INTENSE SF 100ML  REF: 12259734 No Lote: 6298572115Data: 20171024|24|UN|2160|0|0|200|1102|10|2160|18|388,8|0|0|0|||||||70||||||70|||||||
|C190|200|1102|18|4608|4608|829,44|0|0|0|0||
|C195|790||
|C100|0|1|5b0d4cc9dd5d36210c5a5944|55|00|001|827|28181128409002000158550010000008271674501948|21112018|21112018|370|1|0|0|370|9|0|0|0|0|0|0|0|0|0|0|0|0|
|C170|1|10822|SUMAVEG  BD 2KG DESINFETANTE FLV EM PO|5|UN|370|0|0|102|1102|10|0|0|0|0|0|0|||||||70||||||70|||||||
|C190|102|1102|0|370|0|0|0|0|0|0||
|C195|959||
|C100|0|1|5b0d4cc9dd5d36210c5a579c|55|00|001|8988|28181118656923000323550010000089881000010234|21112018|21112018|110|0|0|0|110|0|0|0|0|110|19,8|0|0|0|0|0|0|0|
|C170|1|10190|NESTOGENO 2 400GR  REF: 12183204 No Lote: 7079046041Data: 20180601|10|UN|110|0|0|500|1102|10|110|18|19,8|0|0|0|||||||70||||||70|||||||
|C190|500|1102|18|110|110|19,8|0|0|0|0||
|C195|969||
|C100|0|1|5b0d4cc9dd5d36210c5a5781|55|00|001|5407|27181120289873000173550010000054071320160370|19112018|21112018|19500|1|0|0|19500|0|0|0|0|19500|2340|0|0|0|0|0|0|0|
|C170|1|10132|FOLHA DESC ALU MOLD BAND 03 DIV EM Y|300|CX|19500|0|0|000|1102|10|19500|12|2340|0|0|0|||||||70||||||70|||||||
|C190|000|1102|12|19500|19500|2340|0|0|0|0||
|C195|970||
|C100|0|1|5b0d4cc9dd5d36210c5a58f0|55|00|001|717|28181103735242000707550010000007171908070439|21112018|21112018|220|0|0|0|220|0|0|0|0|0|0|0|0|0|0|0|0|0|
|C170|1|11635|RT ALET Ø38 450MM 1,8KW220V|2|UN|180|0|0|101|1102|10|0|0|0|0|0|0|||||||70||||||70|||||||
|C170|2|12382|CABO FIBRA VIDRO INOX 400C Ø4MM|2|UN|40|0|0|101|1102|10|0|0|0|0|0|0|||||||70||||||70|||||||
|C190|101|1102|0|220|0|0|0|0|0|0||
|C195|971||
|C100|0|1|5b0d4cc9dd5d36210c5a5897|55|00|001|60186|28181119064035000201550010000601861111022119|22112018|22112018|267,6|1|0|0|267,6|9|0|0|0|267,6|48,17|0|0|0|0|0|0|0|
|C170|1|11820|ERVILHA 24X200 LT STELLA DORO|10|CX|267,6|0|0|000|1102|10|267,6|18|48,17|0|0|0|||||||98|0|0||0|0|98|0|0||0|0||
|C190|000|1102|18|267,6|267,6|48,17|0|0|0|0||
|C195|972||
|C100|0|1|5b0d4cc9dd5d36210c5a578e|55|00|002|368504|28181104928281000289550020003685041111022118|22112018|22112018|4283,4|1|0|0|4283,4|9|0|0|0|0|0|0|0|0|0|0|0|0|
|C170|1|2088|FEIJAO PREM T VIEIRA TIPO 1 30X1KG|1500|UN|4283,4|0|0|041|1102|10|0|0|0|0|0|0|||||||70||||||70|||||||
|C190|041|1102|0|4283,4|0|0|0|0|0|0||
|C195|973||
|C100|0|1|5c0123f0dd5d36232cc4a8d2|55|00|001|59606|31181103851255000156550010000596061703719754|21112018|22112018|3235,18|1|0|0|3235,18|0|0|0|0|3235,18|226,46|0|0|0|0|0|0|0|
|C170|1|12408|PRODUTO A BASE DE MASSA DE MUSSARELA|256,76|KG|3235,18|0|0|000|1102|10|3235,18|7|226,46|0|0|0|||||||70||||||70|||||||
|C190|000|1102|7|3235,18|3235,18|226,46|0|0|0|0||
|C100|0|1|5b0d4cc9dd5d36210c5a5896|55|00|001|4386|28181103135252000116550010000043861000008739|21112018|22112018|650|0|0|0|650|0|0|0|0|0|0|0|0|0|0|0|0|0|
|C170|1|10321|FARINHA DE MANDIOCA ISABELLY|10|UN|650|0|0|060|1102|10|0|0|0|0|0|0|||||||70||||||70|||||||
|C190|060|1102|0|650|0|0|0|0|0|0||
|C100|0|1|5b0d4cc9dd5d36210c5a590d|55|00|001|443|28181113189714000131550010000004431000004438|22112018|22112018|5002,5|0|0|0|5002,5|9|0|0|0|5002,5|900,45|0|0|0|0|0|0|0|
|C170|1|8278|DIANTEIRO|435|KG|5002,5|0|0|000|1102|10|5002,5|18|900,45|0|0|0|||||||70||||||70|||||||
|C190|000|1102|18|5002,5|5002,5|900,45|0|0|0|0||
|C195|974||
|C100|0|1|5b0d4cc9dd5d36210c5a579c|55|00|001|8994|28181118656923000323550010000089941000010231|22112018|22112018|5186,5|1|0|0|5186,5|0|0|0|0|5186,5|933,57|0|0|0|0|0|0|0|
|C170|1|11028|BIOFRASCONUTRI ENTERAL 300ML No Lote: L167497Data: 20221116|450|UN|346,5|0|0|000|1102|10|346,5|18|62,37|0|0|0|||||||70||||||70|||||||
|C170|2|10708|BIOEQUIPO C FILTRO AR No Lote: BWC1010616Data: 20180930|400|UN|580|0|0|100|1102|10|580|18|104,4|0|0|0|||||||70||||||70|||||||
|C170|3|11021|EQL E NS Y NO LUER LF 2001  REF: 10008228 No Lote: EQP1778453Data: 20220930|300|UN|4260|0|0|000|1102|10|4260|18|766,8|0|0|0|||||||70||||||70|||||||
|C190|000|1102|18|4606,5|4606,5|829,17|0|0|0|0||
|C190|100|1102|18|580|580|104,4|0|0|0|0||
|C195|975||
|C100|0|1|5b0d4cc9dd5d36210c5a579c|55|00|001|8995|28181118656923000323550010000089951000010239|22112018|22112018|10206,37|1|0|0|10206,37|0|0|0|0|0|0|0|0|0|0|0|0|0|
|C170|1|7500|PEPTAMEN HN SF 500ML  REF: 12183044 No|36|UN|2448|0|0|241|1102|10|0|0|0|0|0|0|||||||70||||||70|||||||
|C170|2|7501|NOVASOURCE GC 15 SF 1000ML  REF: 12234|24|UN|1836|0|0|541|1102|10|0|0|0|0|0|0|||||||70||||||70|||||||
|C170|3|10113|PEPTAMEN INTENSE SF 100ML  REF: 12259734 No Lote: 6298572115Data: 20171024|18|UN|1620|0|0|241|1102|10|0|0|0|0|0|0|||||||70||||||70|||||||
|C170|4|7340|NUTREN SENIOR 200ML MIX DE FRUTAS  REF:|108|UN|1312,2|0|0|041|1102|10|0|0|0|0|0|0|||||||70||||||70|||||||
|C170|5|11481|NOVASOURCE PROLINE 27X200M No Lote: 8006046052Data: 20190101|81|UN|1275,75|0|0|541|1102|10|0|0|0|0|0|0|||||||70||||||70|||||||
|C170|6|8013|RESOURCE FIBERMAIS FLORA CX 6 SACHES 5G|12|UN|632,76|0|0|041|1102|10|0|0|0|0|0|0|||||||70||||||70|||||||
|C170|7|9482|GLUTAMAX CX 20 SACHES 5GR|2|UN|81,6|0|0|041|1102|10|0|0|0|0|0|0|||||||70||||||70|||||||
|C170|8|8789|SIMFORT CX 30 SACHES 2GR|1|UN|105,16|0|0|041|1102|10|0|0|0|0|0|0|||||||70||||||70|||||||
|C170|9|9565|RESOURCE THICKEN UP CLEAR 125GR  REF:|12|UN|823,68|0|0|241|1102|10|0|0|0|0|0|0|||||||70||||||70|||||||
|C170|10|10190|NESTOGENO 2 400GR  REF: 12183204 No Lote: 7079046041Data: 20180601|6|UN|71,22|0|0|541|1102|10|0|0|0|0|0|0|||||||70||||||70|||||||
|C190|241|1102|0|4891,68|0|0|0|0|0|0||
|C190|541|1102|0|3182,97|0|0|0|0|0|0||
|C190|041|1102|0|2131,72|0|0|0|0|0|0||
|C195|976||
|C100|0|1|5b0d4cc9dd5d36210c5a579c|55|00|001|8996|28181118656923000323550010000089961000010236|22112018|22112018|10206,37|0|0|0|10206,37|0|0|0|0|10206,37|1837,16|0|0|0|0|0|0|0|
|C170|1|7500|PEPTAMEN HN SF 500ML  REF: 12183044 No|36|UN|2448|0|0|200|1102|10|2448|18|440,64|0|0|0|||||||70||||||70|||||||
|C170|2|7501|NOVASOURCE GC 15 SF 1000ML  REF: 12234|24|UN|1836|0|0|500|1102|10|1836|18|330,48|0|0|0|||||||70||||||70|||||||
|C170|3|10113|PEPTAMEN INTENSE SF 100ML  REF: 12259734 No Lote: 6298572115Data: 20171024|18|UN|1620|0|0|200|1102|10|1620|18|291,6|0|0|0|||||||70||||||70|||||||
|C170|4|7340|NUTREN SENIOR 200ML MIX DE FRUTAS  REF:|108|UN|1312,2|0|0|000|1102|10|1312,2|18|236,2|0|0|0|||||||70||||||70|||||||
|C170|5|11481|NOVASOURCE PROLINE 27X200M No Lote: 8006046052Data: 20190101|81|UN|1275,75|0|0|500|1102|10|1275,75|18|229,64|0|0|0|||||||70||||||70|||||||
|C170|6|8013|RESOURCE FIBERMAIS FLORA CX 6 SACHES 5G|12|UN|632,76|0|0|000|1102|10|632,76|18|113,9|0|0|0|||||||70||||||70|||||||
|C170|7|9482|GLUTAMAX CX 20 SACHES 5GR|2|UN|81,6|0|0|000|1102|10|81,6|18|14,69|0|0|0|||||||70||||||70|||||||
|C170|8|8789|SIMFORT CX 30 SACHES 2GR|1|UN|105,16|0|0|000|1102|10|105,16|18|18,93|0|0|0|||||||70||||||70|||||||
|C170|9|9565|RESOURCE THICKEN UP CLEAR 125GR  REF:|12|UN|823,68|0|0|200|1102|10|823,68|18|148,26|0|0|0|||||||70||||||70|||||||
|C170|10|10190|NESTOGENO 2 400GR  REF: 12183204 No Lote: 7079046041Data: 20180601|6|UN|71,22|0|0|500|1102|10|71,22|18|12,82|0|0|0|||||||70||||||70|||||||
|C190|200|1102|18|4891,68|4891,68|880,5|0|0|0|0||
|C190|500|1102|18|3182,97|3182,97|572,94|0|0|0|0||
|C190|000|1102|18|2131,72|2131,72|383,72|0|0|0|0||
|C195|977||
|C100|0|1|5b0d4cc9dd5d36210c5a57b9|55|00|001|44216|28181107925203000138550010000442161690737264|22112018|22112018|90|0|0|0|90|0|0|0|0|0|0|0|0|0|0|0|0|0|
|C170|1|7938|SIMFORT 2G  30 SACHES|1|CX|90|0|0|900|1102|10|0|0|0|0|0|0|||||||70||||||70|||||||
|C190|900|1102|0|90|0|0|0|0|0|0||
|C195|978||
|C100|0|1|5b0d4cc9dd5d36210c5a57b9|55|00|001|44217|28181107925203000138550010000442171416855473|22112018|22112018|90|1|0|0|90|0|0|0|0|0|0|0|0|0|0|0|0|0|
|C170|1|7938|SIMFORT 2G  30 SACHES|1|CX|90|0|0|102|1102|10|0|0|0|0|0|0|||||||70||||||70|||||||
|C190|102|1102|0|90|0|0|0|0|0|0||
|C195|979||
|C100|0|1|5b0d4cc9dd5d36210c5a596a|55|00|001|743|28181129855950000180550010000007431173617205|22112018|22112018|7581,25|0|0|0|7581,25|0|0|0|0|0|0|0|0|0|0|0|0|0|
|C170|1|11588|FRESUBIN HP ENERGY 1000 ML EB|56|PC|1512|0|0|900|1102|10|0|0|0|0|0|0|||||||70||||||70|||||||
|C170|2|11666|FRESUBIN ORIGINAL FSMP 1000 ML L EB IN|8|PC|227,52|0|0|900|1102|10|0|0|0|0|0|0|||||||70||||||70|||||||
|C170|3|11891|FRESUBIN LIPID EB 500 ML|30|PC|1060,8|0|0|900|1102|10|0|0|0|0|0|0|||||||98|0|0||0|0|98|0|0||0|0||
|C170|4|12421|FRESUBIN ORIGINAL FIBRE 1000 ML|16|PC|495,68|0|0|900|1102|10|0|0|0|0|0|0|||||||70||||||70|||||||
|C170|5|11582|FREBINI ENERGY  500 ML|30|PC|988,2|0|0|900|1102|10|0|0|0|0|0|0|||||||70||||||70|||||||
|C170|6|11583|FRESUBIN PROTEIN POWDER|3|PT|216|0|0|900|1102|10|0|0|0|0|0|0|||||||70||||||70|||||||
|C170|7|11589|FREBINI ORIGINAL  500 ML|15|PC|508,35|0|0|900|1102|10|0|0|0|0|0|0|||||||70||||||70|||||||
|C170|8|12014|FRESUBIN 5KCAL SHOT DRINK CREME 120ML|5|CX|130|0|0|900|1102|10|0|0|0|0|0|0|||||||70||||||70|||||||
|C170|9|11641|FRESUBIN 2KCAL HP FIBRE 500ML|30|BL|1256,7|0|0|900|1102|10|0|0|0|0|0|0|||||||70||||||70|||||||
|C170|10|11590|DIBEN 1000 EB|40|PC|1186|0|0|900|1102|10|0|0|0|0|0|0|||||||70||||||70|||||||
|C190|900|1102|0|7581,25|0|0|0|0|0|0||
|C195|980||
|C100|0|1|5b0d4cc9dd5d36210c5a5793|55|00|001|135343|28181132838716000159550010001353431303109433|22112018|22112018|8261,2|0|0|0|8261,2|0|0|0|0|8261,2|1487,01|0|0|0|0|0|0|0|
|C170|1|10761|GLUCERNA 1,5 RTH 1000ML LT|80|LT|6220,8|0|0|200|1102|10|6220,8|18|1119,74|0|0|0|||||||70||||||70|||||||
|C170|2|7449|GLUCERNA RPB BAUNILHA 200ML PACK UND|96|UN|854,4|0|0|200|1102|10|854,4|18|153,79|0|0|0|||||||70||||||70|||||||
|C170|3|7453|OSMOLITE PLUS HN RTH 1000ML LT|40|LT|1186|0|0|200|1102|10|1186|18|213,48|0|0|0|||||||70||||||70|||||||
|C190|200|1102|18|8261,2|8261,2|1487,01|0|0|0|0||
|C195|981||
|C100|0|1|5b0d4cc9dd5d36210c5a596a|55|00|001|744|28181129855950000180550010000007441564687047|22112018|22112018|7581,25|1|0|0|7581,25|0|0|0|0|0|0|0|0|0|0|0|0|0|
|C170|1|11588|FRESUBIN HP ENERGY 1000 ML EB|56|PC|1512|0|0|102|1102|10|0|0|0|0|0|0|||||||70||||||70|||||||
|C170|2|11666|FRESUBIN ORIGINAL FSMP 1000 ML L EB IN|8|PC|227,52|0|0|102|1102|10|0|0|0|0|0|0|||||||70||||||70|||||||
|C170|3|11891|FRESUBIN LIPID EB 500 ML|30|PC|1060,8|0|0|102|1102|10|0|0|0|0|0|0|||||||98|0|0||0|0|98|0|0||0|0||
|C170|4|12421|FRESUBIN ORIGINAL FIBRE 1000 ML|16|PC|495,68|0|0|102|1102|10|0|0|0|0|0|0|||||||70||||||70|||||||
|C170|5|11582|FREBINI ENERGY  500 ML|30|PC|988,2|0|0|102|1102|10|0|0|0|0|0|0|||||||70||||||70|||||||
|C170|6|11583|FRESUBIN PROTEIN POWDER|3|PT|216|0|0|102|1102|10|0|0|0|0|0|0|||||||70||||||70|||||||
|C170|7|11589|FREBINI ORIGINAL  500 ML|15|PC|508,35|0|0|102|1102|10|0|0|0|0|0|0|||||||70||||||70|||||||
|C170|8|12014|FRESUBIN 5KCAL SHOT DRINK CREME 120ML|5|CX|130|0|0|102|1102|10|0|0|0|0|0|0|||||||70||||||70|||||||
|C170|9|11641|FRESUBIN 2KCAL HP FIBRE 500ML|30|BL|1256,7|0|0|102|1102|10|0|0|0|0|0|0|||||||70||||||70|||||||
|C170|10|11590|DIBEN 1000 EB|40|PC|1186|0|0|102|1102|10|0|0|0|0|0|0|||||||70||||||70|||||||
|C190|102|1102|0|7581,25|0|0|0|0|0|0||
|C195|982||
|C100|0|1|5b0d4cc9dd5d36210c5a596a|55|00|001|745|28181129855950000180550010000007451310366769|22112018|22112018|1223,4|1|0|0|1223,4|0|0|0|0|0|0|0|0|0|0|0|0|0|
|C170|1|11583|FRESUBIN PROTEIN POWDER|9|PT|648|0|0|102|1102|10|0|0|0|0|0|0|||||||70||||||70|||||||
|C170|2|11641|FRESUBIN 2KCAL HP FIBRE 500ML|15|BL|575,4|0|0|102|1102|10|0|0|0|0|0|0|||||||70||||||70|||||||
|C190|102|1102|0|1223,4|0|0|0|0|0|0||
|C195|983||
|C100|0|1|5b0d4cc9dd5d36210c5a596a|55|00|001|746|28181129855950000180550010000007461779639505|22112018|22112018|3996,33|1|0|0|3996,33|0|0|0|0|0|0|0|0|0|0|0|0|0|
|C170|1|11580|FRESUBIN PROTEIN ENERGY DRINK  VANILA|48|PC|418,08|0|0|102|1102|10|0|0|0|0|0|0|||||||70||||||70|||||||
|C170|2|11581|FRESUBIN PROTEIN ENERGY DRINK  CHOCOLAT|48|PC|418,08|0|0|102|1102|10|0|0|0|0|0|0|||||||70||||||70|||||||
|C170|3|11585|FRESUBIN PROTEIN ENERGY DRINK  FR VERME|24|PC|209,04|0|0|102|1102|10|0|0|0|0|0|0|||||||70||||||70|||||||
|C170|4|11709|FRESUBIN PROTEIN ENERGY DRINK ABACAXI|24|PC|209,04|0|0|102|1102|10|0|0|0|0|0|0|||||||70||||||70|||||||
|C170|5|11715|FRESUBIN PROTEIN ENERGY DRINK AVELA|24|PC|209,04|0|0|102|1102|10|0|0|0|0|0|0|||||||70||||||70|||||||
|C170|6|11583|FRESUBIN PROTEIN POWDER|9|PT|648|0|0|102|1102|10|0|0|0|0|0|0|||||||70||||||70|||||||
|C170|7|11641|FRESUBIN 2KCAL HP FIBRE 500ML|15|BL|628,35|0|0|102|1102|10|0|0|0|0|0|0|||||||70||||||70|||||||
|C170|8|11584|FRESUBIN 2KCAL HP|30|PC|1256,7|0|0|102|1102|10|0|0|0|0|0|0|||||||70||||||70|||||||
|C190|102|1102|0|3996,33|0|0|0|0|0|0||
|C195|984||
|C100|0|1|5b0d4cc9dd5d36210c5a596a|55|00|001|747|28181129855950000180550010000007471249179830|22112018|22112018|7085,57|0|0|0|7085,57|0|0|0|0|0|0|0|0|0|0|0|0|0|
|C170|1|11588|FRESUBIN HP ENERGY 1000 ML EB|56|PC|1512|0|0|900|1102|10|0|0|0|0|0|0|||||||70||||||70|||||||
|C170|2|11666|FRESUBIN ORIGINAL FSMP 1000 ML L EB IN|8|PC|227,52|0|0|900|1102|10|0|0|0|0|0|0|||||||70||||||70|||||||
|C170|3|11891|FRESUBIN LIPID EB 500 ML|30|PC|1060,8|0|0|900|1102|10|0|0|0|0|0|0|||||||98|0|0||0|0|98|0|0||0|0||
|C170|4|11582|FREBINI ENERGY  500 ML|30|PC|988,2|0|0|900|1102|10|0|0|0|0|0|0|||||||70||||||70|||||||
|C170|5|11583|FRESUBIN PROTEIN POWDER|3|PT|216|0|0|900|1102|10|0|0|0|0|0|0|||||||70||||||70|||||||
|C170|6|11589|FREBINI ORIGINAL  500 ML|15|PC|508,35|0|0|900|1102|10|0|0|0|0|0|0|||||||70||||||70|||||||
|C170|7|12014|FRESUBIN 5KCAL SHOT DRINK CREME 120ML|5|CX|130|0|0|900|1102|10|0|0|0|0|0|0|||||||70||||||70|||||||
|C170|8|11641|FRESUBIN 2KCAL HP FIBRE 500ML|30|BL|1256,7|0|0|900|1102|10|0|0|0|0|0|0|||||||70||||||70|||||||
|C170|9|11590|DIBEN 1000 EB|40|PC|1186|0|0|900|1102|10|0|0|0|0|0|0|||||||70||||||70|||||||
|C190|900|1102|0|7085,57|0|0|0|0|0|0||
|C195|985||
|C100|0|1|5b0d4cc9dd5d36210c5a596a|55|00|001|748|28181129855950000180550010000007481871725433|22112018|22112018|7085,57|1|0|0|7085,57|0|0|0|0|0|0|0|0|0|0|0|0|0|
|C170|1|11588|FRESUBIN HP ENERGY 1000 ML EB|56|PC|1512|0|0|102|1102|10|0|0|0|0|0|0|||||||70||||||70|||||||
|C170|2|11666|FRESUBIN ORIGINAL FSMP 1000 ML L EB IN|8|PC|227,52|0|0|102|1102|10|0|0|0|0|0|0|||||||70||||||70|||||||
|C170|3|11891|FRESUBIN LIPID EB 500 ML|30|PC|1060,8|0|0|102|1102|10|0|0|0|0|0|0|||||||98|0|0||0|0|98|0|0||0|0||
|C170|4|11582|FREBINI ENERGY  500 ML|30|PC|988,2|0|0|102|1102|10|0|0|0|0|0|0|||||||70||||||70|||||||
|C170|5|11583|FRESUBIN PROTEIN POWDER|3|PT|216|0|0|102|1102|10|0|0|0|0|0|0|||||||70||||||70|||||||
|C170|6|11589|FREBINI ORIGINAL  500 ML|15|PC|508,35|0|0|102|1102|10|0|0|0|0|0|0|||||||70||||||70|||||||
|C170|7|12014|FRESUBIN 5KCAL SHOT DRINK CREME 120ML|5|CX|130|0|0|102|1102|10|0|0|0|0|0|0|||||||70||||||70|||||||
|C170|8|11641|FRESUBIN 2KCAL HP FIBRE 500ML|30|BL|1256,7|0|0|102|1102|10|0|0|0|0|0|0|||||||70||||||70|||||||
|C170|9|11590|DIBEN 1000 EB|40|PC|1186|0|0|102|1102|10|0|0|0|0|0|0|||||||70||||||70|||||||
|C190|102|1102|0|7085,57|0|0|0|0|0|0||
|C195|986||
|C100|0|1|5b0d4cc9dd5d36210c5a5793|55|00|001|135347|28181132838716000159550010001353471463211472|22112018|22112018|8261,2|1|0|0|8261,2|0|0|0|0|0|0|0|0|0|0|0|0|0|
|C170|1|10762|ABBOTT GLUCERNA 15 RTH 1000ML LT|80|LT|6220,8|0|0|200|1102|10|0|0|0|0|0|0|||||||70||||||70|||||||
|C170|2|6331|ABBOTT ENSURE PROTEINA RPB BAUNILHA 220M|96|UN|854,4|0|0|000|1102|10|0|0|0|0|0|0|||||||70||||||70|||||||
|C170|3|6356|ABBOTT OSMOLITE HN PLUS RTH 1000ML LT|40|LT|1186|0|0|000|1102|10|0|0|0|0|0|0|||||||70||||||70|||||||
|C190|200|1102|0|6220,8|0|0|0|0|0|0||
|C190|000|1102|0|2040,4|0|0|0|0|0|0||
|C195|987||
|C100|0|1|5b0d4cc9dd5d36210c5a57b9|55|00|001|44227|28181107925203000138550010000442271256273877|22112018|22112018|330|0|0|0|330|0|0|0|0|0|0|0|0|0|0|0|0|0|
|C170|1|7938|SIMFORT 2G  30 SACHES|1|CX|90|0|0|900|1102|10|0|0|0|0|0|0|||||||70||||||70|||||||
|C170|2|7548|GLUTAMAX 10 GR|60|UN|240|0|0|900|1102|10|0|0|0|0|0|0|||||||70||||||70|||||||
|C190|900|1102|0|330|0|0|0|0|0|0||
|C195|988||
|C100|0|1|5b0d4cc9dd5d36210c5a57b9|55|00|001|44228|28181107925203000138550010000442281531679864|22112018|22112018|330|1|0|0|330|0|0|0|0|0|0|0|0|0|0|0|0|0|
|C170|1|7938|SIMFORT 2G  30 SACHES|1|CX|90|0|0|102|1102|10|0|0|0|0|0|0|||||||70||||||70|||||||
|C170|2|7548|GLUTAMAX 10 GR|60|UN|240|0|0|102|1102|10|0|0|0|0|0|0|||||||70||||||70|||||||
|C190|102|1102|0|330|0|0|0|0|0|0||
|C195|989||
|C100|0|1|5b0d4cc9dd5d36210c5a57c8|55|00|005|11574|28181147427653001944550050000115741043514164|22112018|22112018|2190|0|0|0|2190|1|0|0|0|2190|262,8|0|0|0|0|0|0|0|
|C170|1|12386|ARROZ PARB URBANO 1KG|999|UN|2187,81|0|0|000|1102|10|2187,81|12|262,54|0|0|0|||||||70||||||70|||||||
|C170|2|12386|ARROZ PARB URBANO 1KG|1|UN|2,19|0|0|000|1102|10|2,19|12|0,26|0|0|0|||||||70||||||70|||||||
|C190|000|1102|12|2190|2190|262,8|0|0|0|0||
|C195|990||
|C100|0|1|5b0d4cc9dd5d36210c5a57bd|55|00|001|61070|28181105893097000122550010000610701229310373|22112018|22112018|7320,12|1|0|0|7320,12|0|0|0|0|0|0|0|0|0|0|0|0|0|
|C170|1|11957|APTAMIL 2 PROFUTURA X 800G|3|UN|75|0|0|200|1102|10|0|0|0|0|0|0|||||||98|0|0||0|0|98|0|0||0|0||
|C170|2|7467|CUBITAN BAUNILHA 200ML|66|UN|1072,5|0|0|200|1102|10|0|0|0|0|0|0|||||||70||||||70|||||||
|C170|3|7493|CUBITAN CHOCOLATE 200ML|68|UN|1105|0|0|200|1102|10|0|0|0|0|0|0|||||||70||||||70|||||||
|C170|4|7468|CUBITAN MORANGO 200ML|66|UN|1072,5|0|0|200|1102|10|0|0|0|0|0|0|||||||70||||||70|||||||
|C170|5|7689|FORTINI EM PO SSABOR 400G|2|LT|120,96|0|0|200|1102|10|0|0|0|0|0|0|||||||70||||||70|||||||
|C170|6|7470|FORTINI MULTI FIBER BAUNILHA 200ML|28|UN|430,36|0|0|200|1102|10|0|0|0|0|0|0|||||||70||||||70|||||||
|C170|7|7494|FORTINI MULTI FIBER CHOCOLATE 200ML|48|UN|737,76|0|0|200|1102|10|0|0|0|0|0|0|||||||70||||||70|||||||
|C170|8|7471|FORTINI MULTI FIBER MORANGO 200ML|24|UN|368,88|0|0|200|1102|10|0|0|0|0|0|0|||||||70||||||70|||||||
|C170|9|9098|INFATRINI PB 125ML|48|UN|1340,16|0|0|200|1102|10|0|0|0|0|0|0|||||||70||||||70|||||||
|C170|10|5887|NEOCATE LCP UPGRADE LT400G|4|UN|640|0|0|200|1102|10|0|0|0|0|0|0|||||||70||||||70|||||||
|C170|11|1538|PREGOMIN PEPTI 400G|3|LT|357|0|0|200|1102|10|0|0|0|0|0|0|||||||70||||||70|||||||
|C190|200|1102|0|7320,12|0|0|0|0|0|0||
|C195|991||
|C100|0|1|5b0d4cc9dd5d36210c5a57bd|55|00|001|61073|28181105893097000122550010000610731997065170|22112018|22112018|7320,12|0|0|0|7320,12|0|0|0|0|7320,12|1317,62|0|0|0|0|0|0|0|
|C170|1|11957|APTAMIL 2 PROFUTURA X 800G|3|UN|75|0|0|200|1102|10|75|18|13,5|0|0|0|||||||98|0|0||0|0|98|0|0||0|0||
|C170|2|7467|CUBITAN BAUNILHA 200ML|66|UN|1072,5|0|0|200|1102|10|1072,5|18|193,05|0|0|0|||||||70||||||70|||||||
|C170|3|7493|CUBITAN CHOCOLATE 200ML|68|UN|1105|0|0|200|1102|10|1105|18|198,9|0|0|0|||||||70||||||70|||||||
|C170|4|7468|CUBITAN MORANGO 200ML|66|UN|1072,5|0|0|200|1102|10|1072,5|18|193,05|0|0|0|||||||70||||||70|||||||
|C170|5|7689|FORTINI EM PO SSABOR 400G|2|LT|120,96|0|0|200|1102|10|120,96|18|21,77|0|0|0|||||||70||||||70|||||||
|C170|6|7470|FORTINI MULTI FIBER BAUNILHA 200ML|28|UN|430,36|0|0|200|1102|10|430,36|18|77,46|0|0|0|||||||70||||||70|||||||
|C170|7|7494|FORTINI MULTI FIBER CHOCOLATE 200ML|48|UN|737,76|0|0|200|1102|10|737,76|18|132,8|0|0|0|||||||70||||||70|||||||
|C170|8|7471|FORTINI MULTI FIBER MORANGO 200ML|24|UN|368,88|0|0|200|1102|10|368,88|18|66,4|0|0|0|||||||70||||||70|||||||
|C170|9|9098|INFATRINI PB 125ML|48|UN|1340,16|0|0|200|1102|10|1340,16|18|241,23|0|0|0|||||||70||||||70|||||||
|C170|10|5887|NEOCATE LCP UPGRADE LT400G|4|UN|640|0|0|200|1102|10|640|18|115,2|0|0|0|||||||70||||||70|||||||
|C170|11|1538|PREGOMIN PEPTI 400G|3|LT|357|0|0|200|1102|10|357|18|64,26|0|0|0|||||||70||||||70|||||||
|C190|200|1102|18|7320,12|7320,12|1317,62|0|0|0|0||
|C100|0|1|5b0d4cc9dd5d36210c5a57bd|55|00|001|61074|28181105893097000122550010000610741189404762|22112018|22112018|632|1|0|0|632|0|0|0|0|0|0|0|0|0|0|0|0|0|
|C170|1|11841|APTAMIL 1 PROFUTURA 400G|8|UN|92|0|0|200|1102|10|0|0|0|0|0|0|||||||98|0|0||0|0|98|0|0||0|0||
|C170|2|2318|MALTODEXTRINA 1000G NATURAL|1|UN|23|0|0|000|1102|10|0|0|0|0|0|0|||||||70||||||70|||||||
|C170|3|5887|NEOCATE LCP UPGRADE LT400G|1|UN|160|0|0|200|1102|10|0|0|0|0|0|0|||||||70||||||70|||||||
|C170|4|1538|PREGOMIN PEPTI 400G|3|LT|357|0|0|200|1102|10|0|0|0|0|0|0|||||||70||||||70|||||||
|C190|200|1102|0|609|0|0|0|0|0|0||
|C190|000|1102|0|23|0|0|0|0|0|0||
|C195|992||
|C100|0|1|5b0d4cc9dd5d36210c5a57bd|55|00|001|61075|28181105893097000122550010000610751543257230|22112018|22112018|609|0|0|0|609|0|0|0|0|609|109,62|0|0|0|0|0|0|0|
|C170|1|11841|APTAMIL 1 PROFUTURA 400G|8|UN|92|0|0|200|1102|10|92|18|16,56|0|0|0|||||||98|0|0||0|0|98|0|0||0|0||
|C170|2|5887|NEOCATE LCP UPGRADE LT400G|1|UN|160|0|0|200|1102|10|160|18|28,8|0|0|0|||||||70||||||70|||||||
|C170|3|1538|PREGOMIN PEPTI 400G|3|LT|357|0|0|200|1102|10|357|18|64,26|0|0|0|||||||70||||||70|||||||
|C190|200|1102|18|609|609|109,62|0|0|0|0||
|C195|768||
|C100|0|1|5b0d4cc9dd5d36210c5a57bd|55|00|001|61081|28181105893097000122550010000610811812568660|22112018|22112018|115|1|0|0|115|0|0|0|0|115|20,7|0|0|0|0|0|0|0|
|C170|1|11957|APTAMIL 2 PROFUTURA X 800G|1|UN|25|0|0|200|1102|10|25|18|4,5|0|0|0|||||||98|0|0||0|0|98|0|0||0|0||
|C170|2|12048|APTAMIL AR 400G|3|LT|90|0|0|200|1102|10|90|18|16,2|0|0|0|||||||70||||||70|||||||
|C190|200|1102|18|115|115|20,7|0|0|0|0||
|C195|993||
|C100|0|1|5b0d4cc9dd5d36210c5a57bd|55|00|001|61082|28181105893097000122550010000610821195331773|22112018|22112018|884,5|1|0|0|884,5|1|0|0|0|884,5|159,21|0|0|0|0|0|0|0|
|C170|1|12341|NUTRI FIBER 12kcalml 1000ML|50|UN|884,5|0|0|000|1102|10|884,5|18|159,21|0|0|0|||||||70||||||70|||||||
|C190|000|1102|18|884,5|884,5|159,21|0|0|0|0||
|C195|994||
|C100|0|1|5b0d4cc9dd5d36210c5a5767|55|00|003|1601210|28181103636036000316550030016012101003242256|23112018|23112018|7018,52|1|0|0|7018,52|0|0|0|0|0|0|0|0|0|0|0|0|0|
|C170|1|12388|CARNE BOVPATINHO CONG MAFRIPAR +23KG|310,522|KG|5340,98|0|0|060|1102|10|0|0|0|0|0|0|||||||70||||||70|||||||
|C170|2|10967|CARNE BOVLAGARTO CONG COOPERFRIGU +22KG|98,97|KG|1677,54|0|0|060|1102|10|0|0|0|0|0|0|||||||70||||||70|||||||
|C190|060|1102|0|7018,52|0|0|0|0|0|0||
|C195|995||
|C100|0|1|5b0d4cc9dd5d36210c5a590a|55|00|001|202011|28181103542896000129550010002020111006878686|23112018|23112018|2375|1|0|0|2375|0|0|0|0|0|0|0|0|0|0|0|0|0|
|C170|1|8792|CREAM CRACKER 20 X 400 G|25|CX|1100|0|0|060|1102|10|0|0|0|0|0|0|||||||70||||||70|||||||
|C170|2|8793|MARIA 20 X 400 G|5|CX|255|0|0|060|1102|10|0|0|0|0|0|0|||||||70||||||70|||||||
|C170|3|8795|MAIZENA 20 X 400 G|20|CX|1020|0|0|060|1102|10|0|0|0|0|0|0|||||||70||||||70|||||||
|C190|060|1102|0|2375|0|0|0|0|0|0||
|C195|996||
|C100|0|1|5b0d4cc9dd5d36210c5a5965|55|00|001|28402|42181109409634000177550010000284021951099544|22112018|23112018|8255|1|0|0|8255|0|0|0|0|8255|577,85|0|0|0|0|0|0|0|
|C170|1|11472|ARROZ TIO ALEMAO PARB LF TIPO1 30X1 LOTE: 0192018 CERTN 3459|130|CX|8255|0|0|000|1102|10|8255|7|577,85|0|0|0|||||||70||||||70|||||||
|C190|000|1102|7|8255|8255|577,85|0|0|0|0||
|C195|997||
|C100|0|1|5b0d4cc9dd5d36210c5a5909|55|00|051|984023|29181140499907000161550510009840231002002825|23112018|23112018|739,2|1|0|0|739,2|0|0|0|0|739,2|88,7|0|0|0|0|0|0|0|
|C170|1|11145|0000000049  NG BEB LAC MORANGO 900G CX12UN|16|CX|739,2|0|0|000|1102|10|739,2|12|88,7|0|0|0|||||||70||||||70|||||||
|C190|000|1102|12|739,2|739,2|88,7|0|0|0|0||
|C195|998||
|C100|0|1|5b0d4cc9dd5d36210c5a58d9|55|00|004|744501|28181108715757002117550040007445011832809277|22112018|23112018|1135,2|2|0|0|1103,34|0|0|0|0|0|0|0|0|0|0|0|0|0|
|C170|1|10233|KT PET 2L|24|UN|82,76|0|0|060|1126|10|0|0|0|0|0|0|||||||70||||||70|||||||
|C170|2|9563|CC LATA 350ML|480|UN|1020,58|0|0|060|1126|10|0|0|0|0|0|0|||||||70||||||70|||||||
|C190|060|1126|0|1135,2|0|0|0|0|0|0||
|C195|999||
|C100|0|1|5b0d4cc9dd5d36210c5a5751|55|00|001|671329|28181107488144000188550010006713291111023113|23112018|24112018|492,56|1|0|0|492,56|0|0|0|0|492,56|88,66|0|0|0|0|0|0|0|
|C170|1|12389|PRESUNTO COZ OVAL SCAPA GORDURA SAUDALI CX7KPC3,5|52,4|KG|492,56|0|0|010|1102|10|492,56|18|88,66|0|0|0|||||||70||||||70|||||||
|C190|010|1102|18|492,56|492,56|88,66|0|0|0|0||
|C195|1000||
|C100|0|1|5b0d4cc9dd5d36210c5a5755|55|00|001|2062530|31181100763832000160550010020625301008703452|24112018|24112018|5354,02|1|0|0|5354,02|0|0|0|0|5354,02|374,79|0|0|0|0|0|0|0|
|C170|1|10275|LINGUICA DE PERNIL ESPECIAL 2 X 5 KG|100|KG|813,1|0|0|000|1102|10|813,1|7|56,92|0|0|0|||||||70||||||70|||||||
|C170|2|3675|BACON RETALHO DEF|30|KG|278,73|0|0|000|1102|10|278,73|7|19,51|0|0|0|||||||70||||||70|||||||
|C170|3|5253|COSTELA PONTA SALGADA 10 KG|20|KG|153,8|0|0|000|1102|10|153,8|7|10,77|0|0|0|||||||70||||||70|||||||
|C170|4|961|PE SALGADO 10 KG|20|KG|113,82|0|0|000|1102|10|113,82|7|7,97|0|0|0|||||||70||||||70|||||||
|C170|5|5378|LINGUICA CALABRESA DEF 2,5 KG|300|KG|2406|0|0|000|1102|10|2406|7|168,42|0|0|0|||||||70||||||70|||||||
|C170|6|5783|PRESUNTO BOM SABOR|203,924|KG|1588,57|0|0|000|1102|10|1588,57|7|111,2|0|0|0|||||||70||||||70|||||||
|C190|000|1102|7|5354,02|5354,02|374,79|0|0|0|0||
|C195|1001||
|C100|0|1|5b0d4cc9dd5d36210c5a57c2|55|00|001|23490|28181107505422000168550010000234901000234905|26112018|26112018|104|0|0|0|104|9|0|0|0|104|18,71|0|0|0|0|0|0|0|
|C170|1|1911|POLPA DE CAJU 1KG POMAR|5|UN|20|0|0|000|1102|10|20|18|3,6|0|0|0|||||||70||||||70|||||||
|C170|2|1690|POLPA DE GRAVIOLA 1KG POMAR|5|UN|32,25|0|0|000|1102|10|32,25|18|5,8|0|0|0|||||||70||||||70|||||||
|C170|3|1691|POLPA DE UMBU 1KG POMAR|15|UN|51,75|0|0|000|1102|10|51,75|18|9,31|0|0|0|||||||70||||||70|||||||
|C190|000|1102|18|104|104|18,71|0|0|0|0||
|C195|768||
|C100|0|1|5b0d4cc9dd5d36210c5a596a|55|00|001|756|28181129855950000180550010000007561760787203|26112018|26112018|601,86|1|0|0|601,86|0|0|0|0|0|0|0|0|0|0|0|0|0|
|C170|1|11892|BIOFRASCO NUTRI 100 ML|486|UN|461,7|0|0|102|1102|10|0|0|0|0|0|0|||||||98|0|0||0|0|98|0|0||0|0||
|C170|2|12133|BEMVITAL TCM COM AGE 250ML|3|UN|140,16|0|0|102|1102|10|0|0|0|0|0|0|||||||70||||||70|||||||
|C190|102|1102|0|601,86|0|0|0|0|0|0||
|C195|1002||
|C100|0|1|5b0d4cc9dd5d36210c5a5944|55|00|001|832|28181128409002000158550010000008321239630632|26112018|26112018|1460|2|0|0|1460|9|0|0|0|0|0|0|0|0|0|0|0|0|
|C170|1|11809|VIREX DETERGENTE HEALTH 5L|20|UN|1460|0|0|102|1126|10|0|0|0|0|0|0|||||||98|0|0||0|0|98|0|0||0|0||
|C190|102|1126|0|1460|0|0|0|0|0|0||
|C195|1003||
|C100|0|1|5b0d4cc9dd5d36210c5a596a|55|00|001|757|28181129855950000180550010000007571928297574|26112018|26112018|3569,4|0|0|0|3569,4|0|0|0|0|0|0|0|0|0|0|0|0|0|
|C170|1|11588|FRESUBIN HP ENERGY 1000 ML EB|40|PC|1080|0|0|900|1102|10|0|0|0|0|0|0|||||||70||||||70|||||||
|C170|2|11583|FRESUBIN PROTEIN POWDER|3|PT|216|0|0|900|1102|10|0|0|0|0|0|0|||||||70||||||70|||||||
|C170|3|11589|FREBINI ORIGINAL  500 ML|30|PC|1016,7|0|0|900|1102|10|0|0|0|0|0|0|||||||70||||||70|||||||
|C170|4|11641|FRESUBIN 2KCAL HP FIBRE 500ML|30|BL|1256,7|0|0|900|1102|10|0|0|0|0|0|0|||||||70||||||70|||||||
|C190|900|1102|0|3569,4|0|0|0|0|0|0||
|C195|1004||
|C100|0|1|5b0d4cc9dd5d36210c5a596a|55|00|001|758|28181129855950000180550010000007581668204064|26112018|26112018|3569,4|1|0|0|3569,4|0|0|0|0|0|0|0|0|0|0|0|0|0|
|C170|1|11588|FRESUBIN HP ENERGY 1000 ML EB|40|PC|1080|0|0|102|1102|10|0|0|0|0|0|0|||||||70||||||70|||||||
|C170|2|11583|FRESUBIN PROTEIN POWDER|3|PT|216|0|0|102|1102|10|0|0|0|0|0|0|||||||70||||||70|||||||
|C170|3|11589|FREBINI ORIGINAL  500 ML|30|PC|1016,7|0|0|102|1102|10|0|0|0|0|0|0|||||||70||||||70|||||||
|C170|4|11641|FRESUBIN 2KCAL HP FIBRE 500ML|30|BL|1256,7|0|0|102|1102|10|0|0|0|0|0|0|||||||70||||||70|||||||
|C190|102|1102|0|3569,4|0|0|0|0|0|0||
|C195|1005||
|C100|0|1|5b0d4cc9dd5d36210c5a596a|55|00|001|759|28181129855950000180550010000007591892262991|26112018|26112018|6092,88|1|0|0|6092,88|0|0|0|0|0|0|0|0|0|0|0|0|0|
|C170|1|11581|FRESUBIN PROTEIN ENERGY DRINK  CHOCOLAT|24|PC|209,04|0|0|102|1102|10|0|0|0|0|0|0|||||||70||||||70|||||||
|C170|2|11583|FRESUBIN PROTEIN POWDER|9|PT|648|0|0|102|1102|10|0|0|0|0|0|0|||||||70||||||70|||||||
|C170|3|11584|FRESUBIN 2KCAL HP|30|PC|1256,7|0|0|102|1102|10|0|0|0|0|0|0|||||||70||||||70|||||||
|C170|4|11585|FRESUBIN PROTEIN ENERGY DRINK  FR VERME|24|PC|209,04|0|0|102|1102|10|0|0|0|0|0|0|||||||70||||||70|||||||
|C170|5|11641|FRESUBIN 2KCAL HP FIBRE 500ML|90|BL|3770,1|0|0|102|1102|10|0|0|0|0|0|0|||||||70||||||70|||||||
|C190|102|1102|0|6092,88|0|0|0|0|0|0||
|C195|1006||
|C100|0|1|5b0d4cc9dd5d36210c5a57b9|55|00|001|44275|28181107925203000138550010000442751028808161|26112018|26112018|1408,2|0|0|0|1408,2|0|0|0|0|0|0|0|0|0|0|0|0|0|
|C170|1|7548|GLUTAMAX 10 GR|60|UN|240|0|0|900|1102|10|0|0|0|0|0|0|||||||70||||||70|||||||
|C170|2|7047|FREBINI ENERGY  500 ML|30|PC|988,2|0|0|900|1102|10|0|0|0|0|0|0|||||||70||||||70|||||||
|C170|3|7938|SIMFORT 2G  30 SACHES|2|CX|180|0|0|900|1102|10|0|0|0|0|0|0|||||||70||||||70|||||||
|C190|900|1102|0|1408,2|0|0|0|0|0|0||
|C195|1007||
|C100|0|1|5b0d4cc9dd5d36210c5a57b9|55|00|001|44276|28181107925203000138550010000442761465269320|26112018|26112018|420|0|0|0|420|0|0|0|0|0|0|0|0|0|0|0|0|0|
|C170|1|7548|GLUTAMAX 10 GR|60|UN|240|0|0|102|1102|10|0|0|0|0|0|0|||||||70||||||70|||||||
|C170|2|7938|SIMFORT 2G  30 SACHES|2|CX|180|0|0|102|1102|10|0|0|0|0|0|0|||||||70||||||70|||||||
|C190|102|1102|0|420|0|0|0|0|0|0||
|C195|1008||
|C100|0|1|5b0d4cc9dd5d36210c5a57b9|55|00|001|44277|28181107925203000138550010000442771753771745|26112018|26112018|420|0|0|0|420|0|0|0|0|0|0|0|0|0|0|0|0|0|
|C170|1|7548|GLUTAMAX 10 GR|60|UN|240|0|0|900|1102|10|0|0|0|0|0|0|||||||70||||||70|||||||
|C170|2|7938|SIMFORT 2G  30 SACHES|2|CX|180|0|0|900|1102|10|0|0|0|0|0|0|||||||70||||||70|||||||
|C190|900|1102|0|420|0|0|0|0|0|0||
|C195|1009||
|C100|0|1|5b0d4cc9dd5d36210c5a57b9|55|00|001|44278|28181107925203000138550010000442781155126142|26112018|26112018|420|1|0|0|420|0|0|0|0|0|0|0|0|0|0|0|0|0|
|C170|1|7548|GLUTAMAX 10 GR|60|UN|240|0|0|102|1102|10|0|0|0|0|0|0|||||||70||||||70|||||||
|C170|2|7938|SIMFORT 2G  30 SACHES|2|CX|180|0|0|102|1102|10|0|0|0|0|0|0|||||||70||||||70|||||||
|C190|102|1102|0|420|0|0|0|0|0|0||
|C195|1010||
|C100|0|1|5b0d4cc9dd5d36210c5a5793|55|00|001|135479|28181132838716000159550010001354791222010796|26112018|26112018|9057,6|0|0|0|9057,6|0|0|0|0|9057,6|1630,36|0|0|0|0|0|0|0|
|C170|1|10761|GLUCERNA 1,5 RTH 1000ML LT|80|LT|6220,8|0|0|200|1102|10|6220,8|18|1119,74|0|0|0|||||||70||||||70|||||||
|C170|2|7449|GLUCERNA RPB BAUNILHA 200ML PACK UND|72|UN|640,8|0|0|200|1102|10|640,8|18|115,34|0|0|0|||||||70||||||70|||||||
|C170|3|8243|ABBOTT JEVITY HICAL RTH 1000ML 15 LT|24|LT|718,8|0|0|200|1102|10|718,8|18|129,38|0|0|0|||||||70||||||70|||||||
|C170|4|1465|JEVITY PLUS RTH 1000ML LT|24|LT|765,6|0|0|200|1102|10|765,6|18|137,81|0|0|0|||||||70||||||70|||||||
|C170|5|7453|OSMOLITE PLUS HN RTH 1000ML LT|24|LT|711,6|0|0|200|1102|10|711,6|18|128,09|0|0|0|||||||70||||||70|||||||
|C190|200|1102|18|9057,6|9057,6|1630,36|0|0|0|0||
|C195|1011||
|C100|0|1|5b0d4cc9dd5d36210c5a57b9|55|00|001|44279|28181107925203000138550010000442791325383482|26112018|26112018|1482,3|1|0|0|1482,3|0|0|0|0|0|0|0|0|0|0|0|0|0|
|C170|1|7047|FREBINI ENERGY  500 ML|45|PC|1482,3|0|0|102|1102|10|0|0|0|0|0|0|||||||70||||||70|||||||
|C190|102|1102|0|1482,3|0|0|0|0|0|0||
|C195|1012||
|C100|0|1|5b0d4cc9dd5d36210c5a579c|55|00|001|9013|28181118656923000323550010000090131000010263|26112018|26112018|3693|1|0|0|3693|0|0|0|0|3693|664,74|0|0|0|0|0|0|0|
|C170|1|11028|BIOFRASCONUTRI ENTERAL 300ML No Lote: L167497Data: 20221116|900|UN|693|0|0|000|1102|10|693|18|124,74|0|0|0|||||||70||||||70|||||||
|C170|2|11021|EQL E NS Y NO LUER LF 2001  REF: 10008228 No Lote: EQP1778453Data: 20220930|200|UN|3000|0|0|000|1102|10|3000|18|540|0|0|0|||||||70||||||70|||||||
|C190|000|1102|18|3693|3693|664,74|0|0|0|0||
|C195|940||
|C100|0|1|5b0d4cc9dd5d36210c5a579c|55|00|001|9014|28181118656923000323550010000090141000010260|26112018|26112018|12042,24|1|0|0|12042,24|0|0|0|0|0|0|0|0|0|0|0|0|0|
|C170|1|7500|PEPTAMEN HN SF 500ML  REF: 12183044 No|36|UN|2448|0|0|241|1102|10|0|0|0|0|0|0|||||||70||||||70|||||||
|C170|2|7501|NOVASOURCE GC 15 SF 1000ML  REF: 12234|60|UN|4590|0|0|541|1102|10|0|0|0|0|0|0|||||||70||||||70|||||||
|C170|3|7012|NUTREN 20 200ML VITAMINA DE FRUTAS  RE|108|UN|988,2|0|0|541|1102|10|0|0|0|0|0|0|||||||70||||||70|||||||
|C170|4|6492|NUTREN SENIOR 200ML CHOCOLATE  REF: 122|81|UN|984,15|0|0|041|1102|10|0|0|0|0|0|0|||||||70||||||70|||||||
|C170|5|11481|NOVASOURCE PROLINE 27X200M No Lote: 8006046052Data: 20190101|189|UN|2976,75|0|0|541|1102|10|0|0|0|0|0|0|||||||70||||||70|||||||
|C170|6|7525|NESTOGENO 1 400GR  REF: 12182305 No L|6|UN|55,14|0|0|541|1102|10|0|0|0|0|0|0|||||||70||||||70|||||||
|C190|241|1102|0|2448|0|0|0|0|0|0||
|C190|541|1102|0|8610,09|0|0|0|0|0|0||
|C190|041|1102|0|984,15|0|0|0|0|0|0||
|C195|1013||
|C100|0|1|5b0d4cc9dd5d36210c5a579c|55|00|001|9015|28181118656923000323550010000090151000010268|26112018|26112018|12042,24|0|0|0|12042,24|0|0|0|0|12042,24|2167,62|0|0|0|0|0|0|0|
|C170|1|7500|PEPTAMEN HN SF 500ML  REF: 12183044 No|36|UN|2448|0|0|200|1102|10|2448|18|440,64|0|0|0|||||||70||||||70|||||||
|C170|2|7501|NOVASOURCE GC 15 SF 1000ML  REF: 12234|60|UN|4590|0|0|500|1102|10|4590|18|826,2|0|0|0|||||||70||||||70|||||||
|C170|3|7012|NUTREN 20 200ML VITAMINA DE FRUTAS  RE|108|UN|988,2|0|0|500|1102|10|988,2|18|177,88|0|0|0|||||||70||||||70|||||||
|C170|4|6492|NUTREN SENIOR 200ML CHOCOLATE  REF: 122|81|UN|984,15|0|0|000|1102|10|984,15|18|177,15|0|0|0|||||||70||||||70|||||||
|C170|5|11481|NOVASOURCE PROLINE 27X200M No Lote: 8006046052Data: 20190101|189|UN|2976,75|0|0|500|1102|10|2976,75|18|535,82|0|0|0|||||||70||||||70|||||||
|C170|6|7525|NESTOGENO 1 400GR  REF: 12182305 No L|6|UN|55,14|0|0|500|1102|10|55,14|18|9,93|0|0|0|||||||70||||||70|||||||
|C190|200|1102|18|2448|2448|440,64|0|0|0|0||
|C190|500|1102|18|8610,09|8610,09|1549,83|0|0|0|0||
|C190|000|1102|18|984,15|984,15|177,15|0|0|0|0||
|C195|1014||
|C100|0|1|5b0d4cc9dd5d36210c5a57cd|55|00|001|1489959|28181160409075009290550010014899591394539669|26112018|26112018|539,14|1|0|0|539,14|0|0|0|0|539,14|97,05|0|0|0|0|0|0|0|
|C170|1|11791|NESTON 3 Cereais Sachet 12x210g BR|10|CX|539,14|0|0|500|1102|10|539,14|18|97,05|0|0|0|||||||98|0|0||0|0|98|0|0||0|0||
|C190|500|1102|18|539,14|539,14|97,05|0|0|0|0||
|C195|1015||
|C100|0|1|5b0d4cc9dd5d36210c5a5793|55|00|001|135484|28181132838716000159550010001354841203311840|26112018|26112018|403,1|1|0|0|403,1|0|0|0|0|193,1|34,76|0|0|0|0|0|0|0|
|C170|1|9192|AVENTAL CIR MANGA LONGA BRANCO PCT C10 U|10|PC|193,1|0|0|000|1102|10|193,1|18|34,76|0|0|0|||||||70||||||70|||||||
|C170|2|12381|SERINGA DESC SR 20ML SAG LS BICO CENTRAL UND|500|UN|210|0|0|060|1102|10|0|0|0|0|0|0|||||||70||||||70|||||||
|C190|000|1102|18|193,1|193,1|34,76|0|0|0|0||
|C190|060|1102|0|210|0|0|0|0|0|0||
|C195|1016||
|C100|0|1|5b0d4cc9dd5d36210c5a5793|55|00|001|135492|28181132838716000159550010001354921532713924|26112018|26112018|9057,6|1|0|0|9057,6|0|0|0|0|0|0|0|0|0|0|0|0|0|
|C170|1|10762|ABBOTT GLUCERNA 15 RTH 1000ML LT|80|LT|6220,8|0|0|200|1102|10|0|0|0|0|0|0|||||||70||||||70|||||||
|C170|2|11450|GLUCERNA BAUNILHA TETRAPACK 1000ML LT|72|LT|640,8|0|0|200|1102|10|0|0|0|0|0|0|||||||70||||||70|||||||
|C170|3|8243|ABBOTT JEVITY HICAL RTH 1000ML 15 LT|24|LT|718,8|0|0|000|1102|10|0|0|0|0|0|0|||||||70||||||70|||||||
|C170|4|8445|ABBOTT JEVITY PLUS RTH 1000ML LT|24|LT|765,6|0|0|000|1102|10|0|0|0|0|0|0|||||||70||||||70|||||||
|C170|5|6356|ABBOTT OSMOLITE HN PLUS RTH 1000ML LT|24|LT|711,6|0|0|000|1102|10|0|0|0|0|0|0|||||||70||||||70|||||||
|C190|200|1102|0|6861,6|0|0|0|0|0|0||
|C190|000|1102|0|2196|0|0|0|0|0|0||
|C195|1017||
|C100|0|1|5b0d4cc9dd5d36210c5a57bd|55|00|001|61151|28181105893097000122550010000611511136085736|26112018|26112018|1030|0|0|0|1030|0|0|0|0|1030|185,4|0|0|0|0|0|0|0|
|C170|1|11841|APTAMIL 1 PROFUTURA 400G|10|UN|115|0|0|200|1102|10|115|18|20,7|0|0|0|||||||98|0|0||0|0|98|0|0||0|0||
|C170|2|5887|NEOCATE LCP UPGRADE LT400G|2|UN|320|0|0|200|1102|10|320|18|57,6|0|0|0|||||||70||||||70|||||||
|C170|3|1538|PREGOMIN PEPTI 400G|5|LT|595|0|0|200|1102|10|595|18|107,1|0|0|0|||||||70||||||70|||||||
|C190|200|1102|18|1030|1030|185,4|0|0|0|0||
|C195|768||
|C100|0|1|5b0d4cc9dd5d36210c5a57bd|55|00|001|61152|28181105893097000122550010000611521698904060|26112018|26112018|1030|1|0|0|1030|3|0|0|0|0|0|0|0|0|0|0|0|0|
|C170|1|11841|APTAMIL 1 PROFUTURA 400G|10|UN|115|0|0|200|1102|10|0|0|0|0|0|0|||||||98|0|0||0|0|98|0|0||0|0||
|C170|2|5887|NEOCATE LCP UPGRADE LT400G|2|UN|320|0|0|200|1102|10|0|0|0|0|0|0|||||||70||||||70|||||||
|C170|3|1538|PREGOMIN PEPTI 400G|5|LT|595|0|0|200|1102|10|0|0|0|0|0|0|||||||70||||||70|||||||
|C190|200|1102|0|1030|0|0|0|0|0|0||
|C195|1018||
|C100|0|1|5b0d4cc9dd5d36210c5a57bd|55|00|001|61158|28181105893097000122550010000611581397519625|26112018|26112018|2429,85|0|0|0|2429,85|0|0|0|0|2429,85|437,37|0|0|0|0|0|0|0|
|C170|1|11841|APTAMIL 1 PROFUTURA 400G|3|UN|34,5|0|0|200|1102|10|34,5|18|6,21|0|0|0|||||||98|0|0||0|0|98|0|0||0|0||
|C170|2|7467|CUBITAN BAUNILHA 200ML|24|UN|390|0|0|200|1102|10|390|18|70,2|0|0|0|||||||70||||||70|||||||
|C170|3|7493|CUBITAN CHOCOLATE 200ML|24|UN|390|0|0|200|1102|10|390|18|70,2|0|0|0|||||||70||||||70|||||||
|C170|4|7468|CUBITAN MORANGO 200ML|24|UN|390|0|0|200|1102|10|390|18|70,2|0|0|0|||||||70||||||70|||||||
|C170|5|7689|FORTINI EM PO SSABOR 400G|3|LT|181,44|0|0|200|1102|10|181,44|18|32,66|0|0|0|||||||70||||||70|||||||
|C170|6|10102|MILUPA 1 400G|5|LT|37,5|0|0|200|1102|10|37,5|18|6,75|0|0|0|||||||70||||||70|||||||
|C170|7|10265|NUTRI RENAL 20 TP 200ML|27|UN|292,41|0|0|000|1102|10|292,41|18|52,63|0|0|0|||||||70||||||70|||||||
|C170|8|1538|PREGOMIN PEPTI 400G|6|LT|714|0|0|200|1102|10|714|18|128,52|0|0|0|||||||70||||||70|||||||
|C190|200|1102|18|2137,44|2137,44|384,74|0|0|0|0||
|C190|000|1102|18|292,41|292,41|52,63|0|0|0|0||
|C195|790||
|C100|0|1|5b0d4cc9dd5d36210c5a57bd|55|00|001|61159|28181105893097000122550010000611591635441340|26112018|26112018|2429,85|1|0|0|2429,85|4|0|0|0|0|0|0|0|0|0|0|0|0|
|C170|1|11841|APTAMIL 1 PROFUTURA 400G|3|UN|34,5|0|0|200|1102|10|0|0|0|0|0|0|||||||98|0|0||0|0|98|0|0||0|0||
|C170|2|7467|CUBITAN BAUNILHA 200ML|24|UN|390|0|0|200|1102|10|0|0|0|0|0|0|||||||70||||||70|||||||
|C170|3|7493|CUBITAN CHOCOLATE 200ML|24|UN|390|0|0|200|1102|10|0|0|0|0|0|0|||||||70||||||70|||||||
|C170|4|7468|CUBITAN MORANGO 200ML|24|UN|390|0|0|200|1102|10|0|0|0|0|0|0|||||||70||||||70|||||||
|C170|5|7689|FORTINI EM PO SSABOR 400G|3|LT|181,44|0|0|200|1102|10|0|0|0|0|0|0|||||||70||||||70|||||||
|C170|6|10102|MILUPA 1 400G|5|LT|37,5|0|0|200|1102|10|0|0|0|0|0|0|||||||70||||||70|||||||
|C170|7|10265|NUTRI RENAL 20 TP 200ML|27|UN|292,41|0|0|000|1102|10|0|0|0|0|0|0|||||||70||||||70|||||||
|C170|8|1538|PREGOMIN PEPTI 400G|6|LT|714|0|0|200|1102|10|0|0|0|0|0|0|||||||70||||||70|||||||
|C190|200|1102|0|2137,44|0|0|0|0|0|0||
|C190|000|1102|0|292,41|0|0|0|0|0|0||
|C195|1019||
|C100|0|1|5b0d4cc9dd5d36210c5a57ad|55|00|004|154206|28181102489982000152550040001542061505806015|26112018|26112018|7746,2|1|0|0|7287,1|0|0|0|0|7287,1|1311,67|0|0|0|0|0|0|0|
|C170|1|12217|COPO MARATA CM 250 20 X 100 2000 UN|40|CX|2446,8|0|0|010|1102|10|2446,8|18|440,42|0|0|0|||||||70||||||70|||||||
|C170|2|12378|COPO MARATA CM 300 20 X 100 2000 UN|20|CX|1455|0|0|010|1102|10|1455|18|261,9|0|0|0|||||||70||||||70|||||||
|C170|3|12220|POTE MARATA PM 100 PSORVETE 20 X 100 2000 UN|10|CX|530,6|0|0|010|1102|10|530,6|18|95,51|0|0|0|||||||70||||||70|||||||
|C170|4|12222|TAMPA MARATA PPOTES TM 75 40 X 50 2000 UN|10|CX|614,9|0|0|010|1102|10|614,9|18|110,68|0|0|0|||||||70||||||70|||||||
|C170|5|12223|TAMPA MARATA PPOTES TM 82 40 X 50 2000 UN|30|CX|2239,8|0|0|010|1102|10|2239,8|18|403,16|0|0|0|||||||70||||||70|||||||
|C190|010|1102|18|7746,2|7287,1|1311,67|0|0|0|0||
|C195|721|Base de cálculo do ICMSST: R$9837,59, Valor do ICMSST: R$459,10|
|C195|1020||
|C100|0|1|5bfe80e9dd5d360d6ceb4b9b|55|00|001|626|28181103770003000100550010000006261060549780|26112018|26112018|4700|0|80,5|0|4780,5|0|0|0|0|0|0|0|0|0|0|0|0|0|
|C170|1|12393|PORCA 12 SAE|1|PC|5|0,08|0|500|1102|10|0|0|0|0|0|0|||||||70||||||70|||||||
|C170|2|12394|PORCA 14 SAE|1|PC|2|0,03|0|500|1102|10|0|0|0|0|0|0|||||||70||||||70|||||||
|C170|3|12395|CANO COBRE PANC 132F 06,35 14 0,123|0,39|KG|23,4|0,39|0|500|1102|10|0|0|0|0|0|0|||||||70||||||70|||||||
|C170|4|12396|DICLOROFLUORETANO R141B 13,6KG ONU 1078 DUGOLD|2,7|KG|135|2,27|0|102|1102|10|0|0|0|0|0|0|||||||70||||||70|||||||
|C170|5|12397|FILTRO DML 164R 350X12R DANFOSS|1|PC|70|1,18|0|500|1102|10|0|0|0|0|0|0|||||||70||||||70|||||||
|C170|6|12398|CURVA DE COBRE 90 X 34 P 0,97MM|6|PC|36|0,61|0|500|1102|10|0|0|0|0|0|0|||||||70||||||70|||||||
|C170|7|12399|FLUIDO REF R402B HP81 ONU316322 GR 5,90KG CHEMMOURS|5,9|KG|560,5|9,44|0|102|1102|10|0|0|0|0|0|0|||||||70||||||70|||||||
|C170|8|12400|OLEO MONTREAL 160P MINERAL|1|LT|28|0,47|0|102|1102|10|0|0|0|0|0|0|||||||70||||||70|||||||
|C170|9|12401|SEP OLEO 34 SOLDA HEMETICO|1|PC|300|5,05|0|500|1102|10|0|0|0|0|0|0|||||||70||||||70|||||||
|C170|10|12402|SOLDA 5% PRATA SILFOSC 250MM BRASTAK|0,02|KG|9,6|0,16|0|102|1102|10|0|0|0|0|0|0|||||||70||||||70|||||||
|C170|11|12403|SOLDA FOSC AG BANHADA 250MM BRASTAK|0,1|KG|11|0,19|0|101|1102|10|0|0|0|0|0|0|||||||70||||||70|||||||
|C170|12|12404|COMP MANEUROP MT 643 220V TRIF|1|PC|3600|60,63|0|102|1102|10|0|0|0|0|0|0|||||||70||||||70|||||||
|C190|500|1102|0|429,06|0|0|0|0|0|0||
|C190|102|1102|0|4260,13|0|0|0|0|0|0||
|C190|101|1102|0|10,81|0|0|0|0|0|0||
|C195|1021||
|C100|0|1|5b1133f3dd5d3637f0bb3b2a|55|00|001|884|28181128535028000142550010000008841909197283|26112018|26112018|1386|1|0|0|1320|9|0|0|0|1320|237,6|0|0|0|0|0|0|0|
|C170|1|11960|PACOTE CHARTAM ECONOMY BRANCO 1000 FOLHAS|200|PC|1320|0|0|000|1102|10|1320|18|237,6|0|0|0|||||||98|0|0||0|0|98|0|0||0|0||
|C190|000|1102|18|1386|1320|237,6|0|0|0|0||
|C195|803||
|C100|0|1|5b0d4cc9dd5d36210c5a5908|55|00|001|621352|28181109350550000105550010006213521111027110|27112018|27112018|649,58|1|0|0|649,58|9|0|0|0|649,58|116,92|0|0|0|0|0|0|0|
|C170|1|11069|MINGAU NUTRILON MULTCEREAIS SC|240|UN|649,58|0|0|000|1102|10|649,58|18|116,92|0|0|0|||||||70||||||70|||||||
|C190|000|1102|18|649,58|649,58|116,92|0|0|0|0||
|C195|1022||
|C100|0|1|5b0d4cc9dd5d36210c5a5908|55|00|001|621350|28181109350550000105550010006213501111027116|27112018|27112018|54,13|0|0|0|54,13|9|0|0|0|54,13|9,74|0|0|0|0|0|0|0|
|C170|1|11281|MINGAU NUTRILON AVEIAARROZ SC|20|UN|54,13|0|0|000|1102|10|54,13|18|9,74|0|0|0|||||||70||||||70|||||||
|C190|000|1102|18|54,13|54,13|9,74|0|0|0|0||
|C195|1023||
|C100|0|1|5b0d4cc9dd5d36210c5a5908|55|00|001|621351|28181109350550000105550010006213511111027113|27112018|27112018|54,13|0|0|0|54,13|9|0|0|0|54,13|9,74|0|0|0|0|0|0|0|
|C170|1|11069|MINGAU NUTRILON MULTCEREAIS SC|20|UN|54,13|0|0|000|1102|10|54,13|18|9,74|0|0|0|||||||70||||||70|||||||
|C190|000|1102|18|54,13|54,13|9,74|0|0|0|0||
|C195|1024||
|C100|0|1|5b0d4cc9dd5d36210c5a57ab|55|00|001|377881|28181107750620000197550010003778811111027112|27112018|27112018|900|1|0|0|900|0|0|0|0|900|162|0|0|0|0|0|0|0|
|C170|1|12407|MARGARINA VITARELLA 60 LIPIDIOS 24X250G|30|CX|900|0|0|000|1102|10|900|18|162|0|0|0|||||||70||||||70|||||||
|C190|000|1102|18|900|900|162|0|0|0|0||
|C195|1025||
|C100|0|1|5b0d4cc9dd5d36210c5a578e|55|00|002|369129|28181104928281000289550020003691291111027111|27112018|27112018|506,14|0|0|0|506,14|9|0|0|0|39,44|7,1|0|0|0|0|0|0|0|
|C170|1|5311|FARINHA TRIGO BRAND TRAD 10X1KG|110|UN|248,2|0|0|060|1102|10|0|0|0|0|0|0|||||||70||||||70|||||||
|C170|2|697|FLOCAO M T VIEIRA 20X500GR|100|UN|106|0|0|041|1102|10|0|0|0|0|0|0|||||||70||||||70|||||||
|C170|3|2163|FEIJAO FRADINHO T VIEIRA 10X1KG|50|UN|112,5|0|0|041|1102|10|0|0|0|0|0|0|||||||70||||||70|||||||
|C170|4|710|MILHO MUGUNZA T VIEIRA 20X500G|40|UN|39,44|0|0|000|1102|10|39,44|18|7,1|0|0|0|||||||70||||||70|||||||
|C190|060|1102|0|248,2|0|0|0|0|0|0||
|C190|041|1102|0|218,5|0|0|0|0|0|0||
|C190|000|1102|18|39,44|39,44|7,1|0|0|0|0||
|C195|1026||
|C100|0|1|5b0d4cc9dd5d36210c5a578e|55|00|002|369130|28181104928281000289550020003691301111027112|27112018|27112018|5986,5|1|0|0|5986,5|9|0|0|0|120,38|21,67|0|0|0|0|0|0|0|
|C170|1|2163|FEIJAO FRADINHO T VIEIRA 10X1KG|300|UN|620,43|0|0|041|1102|10|0|0|0|0|0|0|||||||70||||||70|||||||
|C170|2|10751|FEIJAO PRETO T VIEIRA 10X1KG|10|UN|39,98|0|0|041|1102|10|0|0|0|0|0|0|||||||70||||||70|||||||
|C170|3|5311|FARINHA TRIGO BRAND TRAD 10X1KG|1000|UN|2279|0|0|060|1102|10|0|0|0|0|0|0|||||||70||||||70|||||||
|C170|4|697|FLOCAO M T VIEIRA 20X500GR|2000|UN|2012,8|0|0|041|1102|10|0|0|0|0|0|0|||||||70||||||70|||||||
|C170|5|710|MILHO MUGUNZA T VIEIRA 20X500G|100|UN|99,59|0|0|000|1102|10|99,59|18|17,93|0|0|0|||||||70||||||70|||||||
|C170|6|11433|ARROZ T VIEIRA INTEGRAL T1 10X1KG|300|UN|890,67|0|0|041|1102|10|0|0|0|0|0|0|||||||70||||||70|||||||
|C170|7|12311|MISTURA BOLO DONA BENTA DELICIAS CHOC 3X1X450G QTD 100 PC|3|UN|8,97|0|0|000|1102|10|8,97|18|1,61|0|0|0|||||||70||||||70|||||||
|C170|8|10991|FERMENTO PO QUIM D BENTA TRAD 12X100GR|6|UN|11,82|0|0|000|1102|10|11,82|18|2,13|0|0|0|||||||70||||||70|||||||
|C170|9|12314|BISCSOL SALGADHIT PRESUNTO 6X80G QTD 100 PC|6|UN|8,19|0|0|060|1102|10|0|0|0|0|0|0|||||||70||||||70|||||||
|C170|10|12392|MACARRAO DONA BENTA LASANHA DIRETO FORNO 6X200G QTD 100 PC|6|UN|15,05|0|0|060|1102|10|0|0|0|0|0|0|||||||70||||||70|||||||
|C190|041|1102|0|3563,88|0|0|0|0|0|0||
|C190|060|1102|0|2302,24|0|0|0|0|0|0||
|C190|000|1102|18|120,38|120,38|21,67|0|0|0|0||
|C195|1027||
|C100|0|1|5b0d4cc9dd5d36210c5a596b|55|00|001|1028|28181110248312000253550010000010281168792516|27112018|27112018|546|1|0|0|546|0|0|0|0|0|0|0|0|0|0|0|0|0|
|C170|1|11603|ESPONJA FIBRACO P 3M|300|UN|480|0|0|102|1102|10|0|0|0|0|0|0|||||||70||||||70|||||||
|C170|2|12390|RODO DRY 45CM AZUL BRALIMPIA|1|UN|38|0|0|102|1102|10|0|0|0|0|0|0|||||||70||||||70|||||||
|C170|3|12391|CABO 1,40M X 22MM C ROSCA ACME BRALIMPIA|1|UN|28|0|0|102|1102|10|0|0|0|0|0|0|||||||70||||||70|||||||
|C190|102|1102|0|546|0|0|0|0|0|0||
|C195|1028||
|C100|0|1|5b0d4cc9dd5d36210c5a5944|55|00|001|834|28181128409002000158550010000008341025174371|27112018|27112018|104|1|0|0|104|9|0|0|0|0|0|0|0|0|0|0|0|0|
|C170|1|10803|SUMA D27 BB 5L|2|UN|104|0|0|102|1102|10|0|0|0|0|0|0|||||||70||||||70|||||||
|C190|102|1102|0|104|0|0|0|0|0|0||
|C195|1029||
|C100|0|1|5b0d4cc9dd5d36210c5a596f|55|00|011|429969|29181193209765042626550110004299691562038202|27112018|27112018|5500|0|0|0|5500|0|0|0|0|5500|660|0|0|0|0|0|0|0|
|C170|1|11970|CAFE VP JARDIM TRAD 20X250|100|CX|5500|0|0|000|1102|10|5500|12|660|0|0|0|||||||70||||||70|||||||
|C190|000|1102|12|5500|5500|660|0|0|0|0||
|C195|1030||
|C100|0|1|5b0d4cc9dd5d36210c5a573c|55|00|001|352993|28181103624188000137550010003529931111027119|27112018|27112018|337,14|1|0|0|337,14|0|0|0|0|337,14|60,68|0|0|0|0|0|0|0|
|C170|1|11568|TAMPA ARTICULADA BRANCO H02|17|UN|302,73|0|0|000|1102|10|302,73|18|54,49|0|0|0|||||||70||||||70|||||||
|C170|2|12422|SACO AD 19X19X2,0 PIGBRANCO IMP|2|UN|27,9|0|0|000|1102|10|27,9|18|5,02|0|0|0|||||||70||||||70|||||||
|C170|3|2725|SACO AD 10X22X2,0 TRANSPLISO|1|UN|6,51|0|0|000|1126|10|6,51|18|1,17|0|0|0|||||||70||||||70|||||||
|C190|000|1102|18|330,63|330,63|59,51|0|0|0|0||
|C190|000|1126|18|6,51|6,51|1,17|0|0|0|0||
|C195|1031||
|C100|0|1|5b0d4cc9dd5d36210c5a5884|55|00|001|408246|28181175315333010929550010004082461006656100|27112018|27112018|990|0|0|0|990|0|0|0|0|0|0|0|0|0|0|0|0|0|
|C170|1|12414|BISCPILAR CREAM CRACKER INTEGRAL CXA 1 X 20 420G|20|UN|990|0|0|060|1102|10|0|0|0|0|0|0|||||||70||||||70|||||||
|C190|060|1102|0|990|0|0|0|0|0|0||
|C195|841||
|C100|0|1|5b0d4cc9dd5d36210c5a57c8|55|00|005|11803|28181147427653001944550050000118031043744296|27112018|27112018|3229,2|0|0|0|3229,2|1|0|0|0|0|0|0|0|0|0|0|0|0|
|C170|1|12317|OLEO SOJA VILA VELHA 900ML *|999|UN|2987,01|0|0|060|1102|10|0|0|0|0|0|0|||||||70||||||70|||||||
|C170|2|12317|OLEO SOJA VILA VELHA 900ML *|81|UN|242,19|0|0|060|1102|10|0|0|0|0|0|0|||||||70||||||70|||||||
|C190|060|1102|0|3229,2|0|0|0|0|0|0||
|C195|1032||
|C100|0|1|5b0d4cc9dd5d36210c5a5799|55|00|001|72571|28181110483444003013550010000725711133914940|27112018|27112018|835,4|1|0|0|832,8|0|0|0|2,6|835,4|150,37|0|0|0|0|0|0|0|
|C170|1|10231|IOG GREGO DESNT LIGHT BETA 400G|240|UN|832,8|0|0|000|1102|10|835,4|18|150,37|0|0|0|||||||70||||||70|||||||
|C190|000|1102|18|835,4|835,4|150,37|0|0|0|0||
|C195|1033||
|C100|0|1|5b0d4cc9dd5d36210c5a58db|55|00|001|87695|28181112970570000355550010000876951111027117|27112018|27112018|22,76|0|0|0|22,76|0|0|0|0|22,76|4,1|0|0|0|0|0|0|0|
|C170|1|12092|PACOCA PACOCROC 150UN|1|CX|22,76|0|0|000|1102|10|22,76|18|4,1|0|0|0|||||||70||||||70|||||||
|C190|000|1102|18|22,76|22,76|4,1|0|0|0|0||
|C195|1034||
|C100|0|1|5b0d4cc9dd5d36210c5a58db|55|00|001|87696|28181112970570000355550010000876961111027114|27112018|27112018|982,2|1|40,92|0|1023,12|0|0|0|0|982,2|176,8|0|0|0|0|0|0|0|
|C170|1|12092|PACOCA PACOCROC 150UN|25|CX|574,59|22,98|0|000|1102|10|551,61|18|99,29|0|0|0|||||||70||||||70|||||||
|C170|2|9621|COCADA DE AMENDOIM C20 UNID 350G|140|PC|448,53|17,94|0|000|1102|10|430,59|18|77,51|0|0|0|||||||70||||||70|||||||
|C190|000|1102|18|982,2|982,2|176,8|0|0|0|0||
|C195|1035||
|C100|0|1|5b0d4cc9dd5d36210c5a5886|55|00|003|753739|29181107041307000180550030007537391111027119|27112018|27112018|1461,3|1|0|0|1461,3|9|0|0|0|1461,3|137,89|0|0|0|0|0|0|0|
|C170|1|10178|GELAT MORANGO NEILAR 1KG|60|UN|510|0|0|500|1102|10|510|12|61,2|0|0|0|||||||70||||||70|||||||
|C170|2|11105|AVEIA FLOCOS PINK 20X500G|7|UN|483|0|0|000|1102|10|483|12|57,96|0|0|0|||||||70||||||70|||||||
|C170|3|12406|GRAO BICO PINK 6X500G|10|UN|276,6|0|0|200|1102|10|276,6|4|11,06|0|0|0|||||||70||||||70|||||||
|C170|4|10895|ERVILHA SECA PINK 6X500G|10|UN|191,7|0|0|200|1102|10|191,7|4|7,67|0|0|0|||||||70||||||70|||||||
|C190|500|1102|12|510|510|61,2|0|0|0|0||
|C190|000|1102|12|483|483|57,96|0|0|0|0||
|C190|200|1102|4|468,3|468,3|18,73|0|0|0|0||
|C195|1036||
|C100|0|1|5b0d4cc9dd5d36210c5a57c2|55|00|001|23531|28181107505422000168550010000235311000235310|28112018|28112018|34,5|0|0|0|34,5|9|0|0|0|34,5|6,21|0|0|0|0|0|0|0|
|C170|1|1691|POLPA DE UMBU 1KG POMAR|10|UN|34,5|0|0|000|1102|10|34,5|18|6,21|0|0|0|||||||70||||||70|||||||
|C190|000|1102|18|34,5|34,5|6,21|0|0|0|0||
|C195|768||
|C100|0|1|5b0d4cc9dd5d36210c5a5767|55|00|003|1603343|28181103636036000316550030016033431008456004|28112018|28112018|2791,4|1|0|0|2791,4|0|0|0|0|2791,4|502,45|0|0|0|0|0|0|0|
|C170|1|6860|EXTRATO TOMATE "AJINOMOTO" AJINOMOTO 2KG|160|UN|1918,4|0|0|000|1102|10|1918,4|18|345,31|0|0|0|||||||70||||||70|||||||
|C170|2|10814|AZEITE DE OLIVA EV PET 500ML COCINERO 500ML 12|60|UN|873|0|0|200|1102|10|873|18|157,14|0|0|0|||||||70||||||70|||||||
|C190|000|1102|18|1918,4|1918,4|345,31|0|0|0|0||
|C190|200|1102|18|873|873|157,14|0|0|0|0||
|C195|1037||
|C100|0|1|5b0d4cc9dd5d36210c5a5751|55|00|001|672136|28181107488144000188550010006721361111027117|27112018|28112018|466,8|1|0|0|466,8|0|0|0|0|466,8|84,02|0|0|0|0|0|0|0|
|C170|1|12405|LEITE DE COCO TRADICIONAL INCOCO 500ML|120|UN|466,8|0|0|010|1102|10|466,8|18|84,02|0|0|0|||||||70||||||70|||||||
|C190|010|1102|18|466,8|466,8|84,02|0|0|0|0||
|C195|862||
|C100|0|1|5b0d4cc9dd5d36210c5a5896|55|00|001|4393|28181103135252000116550010000043931100080002|27112018|28112018|650|0|0|0|650|0|0|0|0|0|0|0|0|0|0|0|0|0|
|C170|1|10321|FARINHA DE MANDIOCA ISABELLY|10|UN|650|0|0|060|1102|10|0|0|0|0|0|0|||||||70||||||70|||||||
|C190|060|1102|0|650|0|0|0|0|0|0||
|C100|0|1|5b0d4cc9dd5d36210c5a5894|55|00|001|1256|28181118630661000166550010000012561378600005|28112018|28112018|1680|0|0|0|1680|9|0|0|0|0|0|0|0|0|0|0|0|0|
|C170|1|5320|CONJUNTO MANGAS CURTAS|40|UN|1680|0|0|102|1102|10|0|0|0|0|0|0|||||||70||||||70|||||||
|C190|102|1102|0|1680|0|0|0|0|0|0||
|C195|1038||
|C100|0|1|5b0d4cc9dd5d36210c5a58b0|55|00|001|684671|28181132868002000274550010006846711110388408|28112018|28112018|21,66|0|0,84|0|22,5|9|0|0|0|0|0|0|0|0|0|0|0|0|
|C170|1|12424|HERC 11581 TOR MULT USO 15CM 12|6|UN|22,5|0,84|0|060|1102|10|0|0|0|0|0|0|||||||70||||||70|||||||
|C190|060|1102|0|21,66|0|0|0|0|0|0||
|C195|1039||
|C100|0|1|5b0d4cc9dd5d36210c5a5767|55|00|003|1603784|28181103636036000316550030016037841003825901|28112018|28112018|21392,31|1|0|0|20895,62|0|0|0|0|16784,5|3021,21|0|0|0|0|0|0|0|
|C170|1|10192|COXASOBRECOXA DE FINDIV AVIVAR 20KG|38|CX|3936,8|0|0|010|1102|10|3936,8|18|708,62|0|0|0|||||||70||||||70|||||||
|C170|2|11051|FILE PEITO FRANGO INDIVIDUAL GRANJEIRO 20KG|53|CX|9116|0|0|010|1102|10|9116|18|1640,88|0|0|0|||||||70||||||70|||||||
|C170|3|10956|FILE DE PMERLUZA INTERFIMP EL MARISCO 7KG3|30|UN|3731,7|0|0|100|1102|10|3731,7|18|671,71|0|0|0|||||||70||||||70|||||||
|C170|4|11052|FIGADO BOV FRIBOI +25KG|101,36|KG|509,84|0|0|060|1102|10|0|0|0|0|0|0|||||||70||||||70|||||||
|C170|5|12388|CARNE BOVPATINHO CONG MAFRIPAR +23KG|206,97|KG|3601,28|0|0|060|1102|10|0|0|0|0|0|0|||||||70||||||70|||||||
|C190|010|1102|18|13549,49|13052,8|2349,5|0|0|0|0||
|C190|100|1102|18|3731,7|3731,7|671,71|0|0|0|0||
|C190|060|1102|0|4111,12|0|0|0|0|0|0||
|C195|721|Base de cálculo do ICMSST: R$15812,16, Valor do ICMSST: R$496,69|
|C195|1040||
|C100|0|1|5b0d4cc9dd5d36210c5a57a5|55|00|300|45208|28181106057223029900553000000452081103404724|28112018|28112018|307,53|0|0|0|307,53|9|0|0|0|152,64|27,47|0|0|0|0|0|0|0|
|C170|1|12415|ABACAXI|2|UN|6,18|0|0|040|1102|10|0|0|0|0|0|0|||||||70||||||70|||||||
|C170|2|12151|BEB ENERGY DRINK NIGHT POWER 269ML|6|UN|19,74|0|0|060|1102|10|0|0|0|0|0|0|||||||70||||||70|||||||
|C170|3|12425|BROCOLIS NINJA|2|UN|16,58|0|0|040|1102|10|0|0|0|0|0|0|||||||70||||||70|||||||
|C170|4|12426|COUVE FLOR|2|UN|17,98|0|0|040|1102|10|0|0|0|0|0|0|||||||70||||||70|||||||
|C170|5|12371|LARANJA PERA KG|1,228|UN|3,42|0|0|040|1102|10|0|0|0|0|0|0|||||||70||||||70|||||||
|C170|6|12427|LAVA LOUCA POLIAL 500ML NEUTRO|1|UN|21,36|0|0|000|1102|10|21,36|18|3,84|0|0|0|||||||70||||||70|||||||
|C170|7|12209|LEITE PO SERENISSIMA INTINST 400G|10|UN|89,9|0|0|260|1102|10|0|0|0|0|0|0|||||||70||||||70|||||||
|C170|8|12431|MUCILON SACHET 230G MULTICEREAIS|1|UN|45,48|0|0|000|1102|10|45,48|18|8,19|0|0|0|||||||70||||||70|||||||
|C170|9|12432|OLEO CANOLA SALADA PET 900ML|2|UN|15|0|0|200|1102|10|15|18|2,7|0|0|0|||||||70||||||70|||||||
|C170|10|12433|RUCULA|1|UN|1,09|0|0|040|1102|10|0|0|0|0|0|0|||||||70||||||70|||||||
|C170|11|8802|SAL MOIDO VENEZA 1KG|12|UN|70,8|0|0|000|1102|10|70,8|18|12,74|0|0|0|||||||70||||||70|||||||
|C190|040|1102|0|45,25|0|0|0|0|0|0||
|C190|060|1102|0|19,74|0|0|0|0|0|0||
|C190|000|1102|18|137,64|137,64|24,77|0|0|0|0||
|C190|260|1102|0|89,9|0|0|0|0|0|0||
|C190|200|1102|18|15|15|2,7|0|0|0|0||
|C195|1041||
|C100|0|1|5b0d4cc9dd5d36210c5a58cc|55|00|001|129046|28181132732679000108550010001290461000393582|28112018|28112018|408,93|0|0|0|408,93|0|0|0|0|408,93|73,6|0|0|0|0|0|0|0|
|C170|1|8759|BOTA DE COURO SBID CELAS USAFE N 4|1|UN|40,33|0|0|000|1102|10|40,33|18|7,26|0|0|0|||||||70||||||70|||||||
|C170|2|10979|BOTA DE PVC CANO MEDIO BRANCA S FORRO 44|1|UN|28,88|0|0|000|1102|10|28,88|18|5,2|0|0|0|||||||70||||||70|||||||
|C170|3|10301|SAPATO OCUPACIONAL TPREXP MOOV BRANCO N 41|2|UN|113,24|0|0|000|1102|10|113,24|18|20,38|0|0|0|||||||70||||||70|||||||
|C170|4|10188|SAPATO OCUPACIONAL TPREXP MOOV BRANCO N 36|2|UN|113,24|0|0|000|1102|10|113,24|18|20,38|0|0|0|||||||70||||||70|||||||
|C170|5|10524|SAPATO OCUPACIONAL TPREXP MOOV BRANCO N 35|1|UN|56,62|0|0|000|1102|10|56,62|18|10,19|0|0|0|||||||70||||||70|||||||
|C170|6|10524|SAPATO OCUPACIONAL TPREXP MOOV BRANCO N 35|1|UN|56,62|0|0|000|1102|10|56,62|18|10,19|0|0|0|||||||70||||||70|||||||
|C190|000|1102|18|408,93|408,93|73,6|0|0|0|0||
|C100|0|1|5b0d4cc9dd5d36210c5a572c|55|00|001|3444422|26181124150377000195550010034444221394574064|28112018|28112018|2728,64|0|0|0|2728,64|0|0|0|0|2728,64|327,44|0|0|0|0|0|0|0|
|C170|1|12409|PERNIL SUI SO ESTRELA CX±20KG|291,21|KG|2728,64|0|0|000|1102|10|2728,64|12|327,44|0|0|0|||||||70||||||70|||||||
|C190|000|1102|12|2728,64|2728,64|327,44|0|0|0|0||
|C195|1042||
|C100|0|1|5b0d4cc9dd5d36210c5a5767|55|00|003|1604600|28181103636036000316550030016046001003053258|29112018|29112018|17281,19|1|0|0|16784,5|0|0|0|0|16784,5|3021,21|0|0|0|0|0|0|0|
|C170|1|10192|COXASOBRECOXA DE FINDIV AVIVAR 20KG|38|CX|3936,8|0|0|010|1102|10|3936,8|18|708,62|0|0|0|||||||70||||||70|||||||
|C170|2|11051|FILE PEITO FRANGO INDIVIDUAL GRANJEIRO 20KG|53|CX|9116|0|0|010|1102|10|9116|18|1640,88|0|0|0|||||||70||||||70|||||||
|C170|3|10956|FILE DE PMERLUZA INTERFIMP EL MARISCO 7KG3|30|UN|3731,7|0|0|100|1102|10|3731,7|18|671,71|0|0|0|||||||70||||||70|||||||
|C190|010|1102|18|13549,49|13052,8|2349,5|0|0|0|0||
|C190|100|1102|18|3731,7|3731,7|671,71|0|0|0|0||
|C195|721|Base de cálculo do ICMSST: R$15812,16, Valor do ICMSST: R$496,69|
|C195|1043||
|C100|0|1|5b0d4cc9dd5d36210c5a580a|55|00|001|1724|28181113106059000100550010000017241354106571|29112018|29112018|484|0|0|0|484|0|0|0|0|0|0|0|0|0|0|0|0|0|
|C170|1|11721|TORRADA DE MANTEIGA|44|KG|484|0|0|102|1102|10|0|0|0|0|0|0|||||||70||||||70|||||||
|C190|102|1102|0|484|0|0|0|0|0|0||
|C195|1044||
|C100|0|1|5b0d4cc9dd5d36210c5a579c|55|00|001|9038|28181118656923000323550010000090381000010297|29112018|29112018|4619,5|1|0|0|4619,5|0|0|0|0|4619,5|831,51|0|0|0|0|0|0|0|
|C170|1|11028|BIOFRASCONUTRI ENTERAL 300ML No Lote: L167497Data: 20221116|1350|UN|1039,5|0|0|000|1102|10|1039,5|18|187,11|0|0|0|||||||70||||||70|||||||
|C170|2|11021|EQL E NS Y NO LUER LF 2001  REF: 10008228 No Lote: EQP1778453Data: 20220930|200|UN|3000|0|0|000|1102|10|3000|18|540|0|0|0|||||||70||||||70|||||||
|C170|3|10708|BIOEQUIPO C FILTRO AR No Lote: BWC1010616Data: 20180930|400|UN|580|0|0|100|1102|10|580|18|104,4|0|0|0|||||||70||||||70|||||||
|C190|000|1102|18|4039,5|4039,5|727,11|0|0|0|0||
|C190|100|1102|18|580|580|104,4|0|0|0|0||
|C195|1045||
|C100|0|1|5b0d4cc9dd5d36210c5a579c|55|00|001|9039|28181118656923000323550010000090391000010294|29112018|29112018|13694,21|1|0|0|13694,21|0|0|0|0|0|0|0|0|0|0|0|0|0|
|C170|1|7499|ISOSOURCE 1,5 1000ML  REF: 12127764 No|120|UN|3369,6|0|0|541|1102|10|0|0|0|0|0|0|||||||70||||||70|||||||
|C170|2|7500|PEPTAMEN HN SF 500ML  REF: 12183044 No|60|UN|4080|0|0|241|1102|10|0|0|0|0|0|0|||||||70||||||70|||||||
|C170|3|7501|NOVASOURCE GC 15 SF 1000ML  REF: 12234|36|UN|2754|0|0|541|1102|10|0|0|0|0|0|0|||||||70||||||70|||||||
|C170|4|8006|ISOSOURCE 1,5 SF 1000ML  REF: 9523855 N|36|UN|1422|0|0|041|1102|10|0|0|0|0|0|0|||||||70||||||70|||||||
|C170|5|6492|NUTREN SENIOR 200ML CHOCOLATE  REF: 122|54|UN|656,1|0|0|041|1102|10|0|0|0|0|0|0|||||||70||||||70|||||||
|C170|6|11481|NOVASOURCE PROLINE 27X200M No Lote: 8006046052Data: 20190101|54|UN|850,5|0|0|541|1102|10|0|0|0|0|0|0|||||||70||||||70|||||||
|C170|7|8013|RESOURCE FIBERMAIS FLORA CX 6 SACHES 5G|5|UN|263,65|0|0|041|1102|10|0|0|0|0|0|0|||||||70||||||70|||||||
|C170|8|9482|GLUTAMAX CX 20 SACHES 5GR|2|UN|81,6|0|0|041|1102|10|0|0|0|0|0|0|||||||70||||||70|||||||
|C170|9|8789|SIMFORT CX 30 SACHES 2GR|2|UN|180|0|0|041|1102|10|0|0|0|0|0|0|||||||70||||||70|||||||
|C170|10|7525|NESTOGENO 1 400GR  REF: 12182305 No L|4|UN|36,76|0|0|541|1102|10|0|0|0|0|0|0|||||||70||||||70|||||||
|C190|541|1102|0|7010,86|0|0|0|0|0|0||
|C190|241|1102|0|4080|0|0|0|0|0|0||
|C190|041|1102|0|2603,35|0|0|0|0|0|0||
|C195|1046||
|C100|0|1|5b0d4cc9dd5d36210c5a579c|55|00|001|9040|28181118656923000323550010000090401000010295|29112018|29112018|13694,21|0|0|0|13694,21|0|0|0|0|13694,21|2464,97|0|0|0|0|0|0|0|
|C170|1|7499|ISOSOURCE 1,5 1000ML  REF: 12127764 No|120|UN|3369,6|0|0|500|1102|10|3369,6|18|606,53|0|0|0|||||||70||||||70|||||||
|C170|2|7500|PEPTAMEN HN SF 500ML  REF: 12183044 No|60|UN|4080|0|0|200|1102|10|4080|18|734,4|0|0|0|||||||70||||||70|||||||
|C170|3|7501|NOVASOURCE GC 15 SF 1000ML  REF: 12234|36|UN|2754|0|0|500|1102|10|2754|18|495,72|0|0|0|||||||70||||||70|||||||
|C170|4|8006|ISOSOURCE 1,5 SF 1000ML  REF: 9523855 N|36|UN|1422|0|0|000|1102|10|1422|18|255,96|0|0|0|||||||70||||||70|||||||
|C170|5|6492|NUTREN SENIOR 200ML CHOCOLATE  REF: 122|54|UN|656,1|0|0|000|1102|10|656,1|18|118,1|0|0|0|||||||70||||||70|||||||
|C170|6|11481|NOVASOURCE PROLINE 27X200M No Lote: 8006046052Data: 20190101|54|UN|850,5|0|0|500|1102|10|850,5|18|153,09|0|0|0|||||||70||||||70|||||||
|C170|7|8013|RESOURCE FIBERMAIS FLORA CX 6 SACHES 5G|5|UN|263,65|0|0|000|1102|10|263,65|18|47,46|0|0|0|||||||70||||||70|||||||
|C170|8|9482|GLUTAMAX CX 20 SACHES 5GR|2|UN|81,6|0|0|000|1102|10|81,6|18|14,69|0|0|0|||||||70||||||70|||||||
|C170|9|8789|SIMFORT CX 30 SACHES 2GR|2|UN|180|0|0|000|1102|10|180|18|32,4|0|0|0|||||||70||||||70|||||||
|C170|10|7525|NESTOGENO 1 400GR  REF: 12182305 No L|4|UN|36,76|0|0|500|1102|10|36,76|18|6,62|0|0|0|||||||70||||||70|||||||
|C190|500|1102|18|7010,86|7010,86|1261,96|0|0|0|0||
|C190|200|1102|18|4080|4080|734,4|0|0|0|0||
|C190|000|1102|18|2603,35|2603,35|468,61|0|0|0|0||
|C195|1047||
|C100|0|1|5b0d4cc9dd5d36210c5a5793|55|00|001|135677|28181132838716000159550010001356771563809774|29112018|29112018|7794|0|0|0|7794|0|0|0|0|7794|1402,92|0|0|0|0|0|0|0|
|C170|1|10761|GLUCERNA 1,5 RTH 1000ML LT|80|LT|6220,8|0|0|200|1102|10|6220,8|18|1119,74|0|0|0|||||||70||||||70|||||||
|C170|2|7449|GLUCERNA RPB BAUNILHA 200ML PACK UND|48|UN|427,2|0|0|200|1102|10|427,2|18|76,9|0|0|0|||||||70||||||70|||||||
|C170|3|10683|GLUCERNA RPB CHOCOLATE 200ML PACK UND|48|UN|427,2|0|0|200|1102|10|427,2|18|76,9|0|0|0|||||||70||||||70|||||||
|C170|4|8243|ABBOTT JEVITY HICAL RTH 1000ML 15 LT|24|LT|718,8|0|0|200|1102|10|718,8|18|129,38|0|0|0|||||||70||||||70|||||||
|C190|200|1102|18|7794|7794|1402,92|0|0|0|0||
|C195|1048||
|C100|0|1|5b0d4cc9dd5d36210c5a579c|55|00|001|9041|28181118656923000323550010000090411000010292|29112018|29112018|12509,21|1|0|0|12509,21|0|0|0|0|0|0|0|0|0|0|0|0|0|
|C170|1|7499|ISOSOURCE 1,5 1000ML  REF: 12127764 No|120|UN|3369,6|0|0|541|1102|10|0|0|0|0|0|0|||||||70||||||70|||||||
|C170|2|7500|PEPTAMEN HN SF 500ML  REF: 12183044 No|60|UN|4080|0|0|241|1102|10|0|0|0|0|0|0|||||||70||||||70|||||||
|C170|3|7501|NOVASOURCE GC 15 SF 1000ML  REF: 12234|36|UN|2754|0|0|541|1102|10|0|0|0|0|0|0|||||||70||||||70|||||||
|C170|4|8006|ISOSOURCE 1,5 SF 1000ML  REF: 9523855 N|6|UN|237|0|0|041|1102|10|0|0|0|0|0|0|||||||70||||||70|||||||
|C170|5|6492|NUTREN SENIOR 200ML CHOCOLATE  REF: 122|54|UN|656,1|0|0|041|1102|10|0|0|0|0|0|0|||||||70||||||70|||||||
|C170|6|11481|NOVASOURCE PROLINE 27X200M No Lote: 8006046052Data: 20190101|54|UN|850,5|0|0|541|1102|10|0|0|0|0|0|0|||||||70||||||70|||||||
|C170|7|8013|RESOURCE FIBERMAIS FLORA CX 6 SACHES 5G|5|UN|263,65|0|0|041|1102|10|0|0|0|0|0|0|||||||70||||||70|||||||
|C170|8|9482|GLUTAMAX CX 20 SACHES 5GR|2|UN|81,6|0|0|041|1102|10|0|0|0|0|0|0|||||||70||||||70|||||||
|C170|9|8789|SIMFORT CX 30 SACHES 2GR|2|UN|180|0|0|041|1102|10|0|0|0|0|0|0|||||||70||||||70|||||||
|C170|10|7525|NESTOGENO 1 400GR  REF: 12182305 No L|4|UN|36,76|0|0|541|1102|10|0|0|0|0|0|0|||||||70||||||70|||||||
|C190|541|1102|0|7010,86|0|0|0|0|0|0||
|C190|241|1102|0|4080|0|0|0|0|0|0||
|C190|041|1102|0|1418,35|0|0|0|0|0|0||
|C195|1049||
|C100|0|1|5b0d4cc9dd5d36210c5a579c|55|00|001|9042|28181118656923000323550010000090421000010290|29112018|29112018|12509,21|0|0|0|12509,21|0|0|0|0|12509,21|2251,67|0|0|0|0|0|0|0|
|C170|1|7499|ISOSOURCE 1,5 1000ML  REF: 12127764 No|120|UN|3369,6|0|0|500|1102|10|3369,6|18|606,53|0|0|0|||||||70||||||70|||||||
|C170|2|7500|PEPTAMEN HN SF 500ML  REF: 12183044 No|60|UN|4080|0|0|200|1102|10|4080|18|734,4|0|0|0|||||||70||||||70|||||||
|C170|3|7501|NOVASOURCE GC 15 SF 1000ML  REF: 12234|36|UN|2754|0|0|500|1102|10|2754|18|495,72|0|0|0|||||||70||||||70|||||||
|C170|4|8006|ISOSOURCE 1,5 SF 1000ML  REF: 9523855 N|6|UN|237|0|0|000|1102|10|237|18|42,66|0|0|0|||||||70||||||70|||||||
|C170|5|6492|NUTREN SENIOR 200ML CHOCOLATE  REF: 122|54|UN|656,1|0|0|000|1102|10|656,1|18|118,1|0|0|0|||||||70||||||70|||||||
|C170|6|11481|NOVASOURCE PROLINE 27X200M No Lote: 8006046052Data: 20190101|54|UN|850,5|0|0|500|1102|10|850,5|18|153,09|0|0|0|||||||70||||||70|||||||
|C170|7|8013|RESOURCE FIBERMAIS FLORA CX 6 SACHES 5G|5|UN|263,65|0|0|000|1102|10|263,65|18|47,46|0|0|0|||||||70||||||70|||||||
|C170|8|9482|GLUTAMAX CX 20 SACHES 5GR|2|UN|81,6|0|0|000|1102|10|81,6|18|14,69|0|0|0|||||||70||||||70|||||||
|C170|9|8789|SIMFORT CX 30 SACHES 2GR|2|UN|180|0|0|000|1102|10|180|18|32,4|0|0|0|||||||70||||||70|||||||
|C170|10|7525|NESTOGENO 1 400GR  REF: 12182305 No L|4|UN|36,76|0|0|500|1102|10|36,76|18|6,62|0|0|0|||||||70||||||70|||||||
|C190|500|1102|18|7010,86|7010,86|1261,96|0|0|0|0||
|C190|200|1102|18|4080|4080|734,4|0|0|0|0||
|C190|000|1102|18|1418,35|1418,35|255,31|0|0|0|0||
|C195|1047||
|C100|0|1|5b0d4cc9dd5d36210c5a596a|55|00|001|769|28181129855950000180550010000007691059012223|29112018|29112018|5759,7|0|0|0|5759,7|0|0|0|0|0|0|0|0|0|0|0|0|0|
|C170|1|11588|FRESUBIN HP ENERGY 1000 ML EB|80|PC|2160|0|0|900|1102|10|0|0|0|0|0|0|||||||70||||||70|||||||
|C170|2|11891|FRESUBIN LIPID EB 500 ML|30|PC|1060,8|0|0|900|1102|10|0|0|0|0|0|0|||||||98|0|0||0|0|98|0|0||0|0||
|C170|3|11582|FREBINI ENERGY  500 ML|30|PC|988,2|0|0|900|1102|10|0|0|0|0|0|0|||||||70||||||70|||||||
|C170|4|11583|FRESUBIN PROTEIN POWDER|3|PT|216|0|0|900|1102|10|0|0|0|0|0|0|||||||70||||||70|||||||
|C170|5|12014|FRESUBIN 5KCAL SHOT DRINK CREME 120ML|3|CX|78|0|0|900|1102|10|0|0|0|0|0|0|||||||70||||||70|||||||
|C170|6|11641|FRESUBIN 2KCAL HP FIBRE 500ML|30|BL|1256,7|0|0|900|1102|10|0|0|0|0|0|0|||||||70||||||70|||||||
|C190|900|1102|0|5759,7|0|0|0|0|0|0||
|C195|1050||
|C100|0|1|5b0d4cc9dd5d36210c5a596a|55|00|001|770|28181129855950000180550010000007701152269400|29112018|29112018|5759,7|1|0|0|5759,7|0|0|0|0|0|0|0|0|0|0|0|0|0|
|C170|1|11588|FRESUBIN HP ENERGY 1000 ML EB|80|PC|2160|0|0|102|1102|10|0|0|0|0|0|0|||||||70||||||70|||||||
|C170|2|11891|FRESUBIN LIPID EB 500 ML|30|PC|1060,8|0|0|102|1102|10|0|0|0|0|0|0|||||||98|0|0||0|0|98|0|0||0|0||
|C170|3|11582|FREBINI ENERGY  500 ML|30|PC|988,2|0|0|102|1102|10|0|0|0|0|0|0|||||||70||||||70|||||||
|C170|4|11583|FRESUBIN PROTEIN POWDER|3|PT|216|0|0|102|1102|10|0|0|0|0|0|0|||||||70||||||70|||||||
|C170|5|12014|FRESUBIN 5KCAL SHOT DRINK CREME 120ML|3|CX|78|0|0|102|1102|10|0|0|0|0|0|0|||||||70||||||70|||||||
|C170|6|11641|FRESUBIN 2KCAL HP FIBRE 500ML|30|BL|1256,7|0|0|102|1102|10|0|0|0|0|0|0|||||||70||||||70|||||||
|C190|102|1102|0|5759,7|0|0|0|0|0|0||
|C195|1051||
|C100|0|1|5b0d4cc9dd5d36210c5a579c|55|00|001|9044|28181118656923000323550010000090441000010294|29112018|29112018|642,06|1|0|0|642,06|0|0|0|0|0|0|0|0|0|0|0|0|0|
|C170|1|7461|PRE NAN 400GR  REF: 12094297 No Lote:|18|UN|642,06|0|0|241|1102|10|0|0|0|0|0|0|||||||70||||||70|||||||
|C190|241|1102|0|642,06|0|0|0|0|0|0||
|C195|839||
|C100|0|1|5b0d4cc9dd5d36210c5a579c|55|00|001|9045|28181118656923000323550010000090451000010291|29112018|29112018|642,06|0|0|0|642,06|0|0|0|0|642,06|115,57|0|0|0|0|0|0|0|
|C170|1|7461|PRE NAN 400GR  REF: 12094297 No Lote:|18|UN|642,06|0|0|200|1102|10|642,06|18|115,57|0|0|0|||||||70||||||70|||||||
|C190|200|1102|18|642,06|642,06|115,57|0|0|0|0||
|C195|768||
|C100|0|1|5b0d4cc9dd5d36210c5a596a|55|00|001|771|28181129855950000180550010000007711856652011|29112018|29112018|426,6|0|0|0|426,6|0|0|0|0|0|0|0|0|0|0|0|0|0|
|C170|1|11855|HDMAX 200 ML|27|PC|426,6|0|0|900|1102|10|0|0|0|0|0|0|||||||98|0|0||0|0|98|0|0||0|0||
|C190|900|1102|0|426,6|0|0|0|0|0|0||
|C195|1052||
|C100|0|1|5b0d4cc9dd5d36210c5a596a|55|00|001|772|28181129855950000180550010000007721756657000|29112018|29112018|426,6|1|0|0|426,6|0|0|0|0|0|0|0|0|0|0|0|0|0|
|C170|1|11855|HDMAX 200 ML|27|PC|426,6|0|0|102|1102|10|0|0|0|0|0|0|||||||98|0|0||0|0|98|0|0||0|0||
|C190|102|1102|0|426,6|0|0|0|0|0|0||
|C195|1053||
|C100|0|1|5b0d4cc9dd5d36210c5a596a|55|00|001|773|28181129855950000180550010000007731480749124|29112018|29112018|5672,34|1|0|0|5672,34|0|0|0|0|0|0|0|0|0|0|0|0|0|
|C170|1|11580|FRESUBIN PROTEIN ENERGY DRINK  VANILA|24|PC|209,04|0|0|102|1102|10|0|0|0|0|0|0|||||||70||||||70|||||||
|C170|2|11581|FRESUBIN PROTEIN ENERGY DRINK  CHOCOLAT|24|PC|209,04|0|0|102|1102|10|0|0|0|0|0|0|||||||70||||||70|||||||
|C170|3|11601|FRESUBIN PROTEIN ENERGY DRINK CAPUCCINO|24|PC|209,04|0|0|102|1102|10|0|0|0|0|0|0|||||||70||||||70|||||||
|C170|4|11583|FRESUBIN PROTEIN POWDER|9|PT|648|0|0|102|1102|10|0|0|0|0|0|0|||||||70||||||70|||||||
|C170|5|11584|FRESUBIN 2KCAL HP|75|PC|3141,75|0|0|102|1102|10|0|0|0|0|0|0|||||||70||||||70|||||||
|C170|6|11585|FRESUBIN PROTEIN ENERGY DRINK  FR VERME|24|PC|209,04|0|0|102|1102|10|0|0|0|0|0|0|||||||70||||||70|||||||
|C170|7|11709|FRESUBIN PROTEIN ENERGY DRINK ABACAXI|24|PC|209,04|0|0|102|1102|10|0|0|0|0|0|0|||||||70||||||70|||||||
|C170|8|11715|FRESUBIN PROTEIN ENERGY DRINK AVELA|24|PC|209,04|0|0|102|1102|10|0|0|0|0|0|0|||||||70||||||70|||||||
|C170|9|11641|FRESUBIN 2KCAL HP FIBRE 500ML|15|BL|628,35|0|0|102|1102|10|0|0|0|0|0|0|||||||70||||||70|||||||
|C190|102|1102|0|5672,34|0|0|0|0|0|0||
|C195|1054||
|C100|0|1|5b0d4cc9dd5d36210c5a57b9|55|00|001|44378|28181107925203000138550010000443781149935242|29112018|29112018|420|0|0|0|420|0|0|0|0|0|0|0|0|0|0|0|0|0|
|C170|1|7548|GLUTAMAX 10 GR|60|UN|240|0|0|900|1102|10|0|0|0|0|0|0|||||||70||||||70|||||||
|C170|2|7938|SIMFORT 2G  30 SACHES|2|CX|180|0|0|900|1102|10|0|0|0|0|0|0|||||||70||||||70|||||||
|C190|900|1102|0|420|0|0|0|0|0|0||
|C195|1009||
|C100|0|1|5b0d4cc9dd5d36210c5a57b9|55|00|001|44379|28181107925203000138550010000443791082735716|29112018|29112018|420|1|0|0|420|0|0|0|0|0|0|0|0|0|0|0|0|0|
|C170|1|7548|GLUTAMAX 10 GR|60|UN|240|0|0|102|1102|10|0|0|0|0|0|0|||||||70||||||70|||||||
|C170|2|7938|SIMFORT 2G  30 SACHES|2|CX|180|0|0|102|1102|10|0|0|0|0|0|0|||||||70||||||70|||||||
|C190|102|1102|0|420|0|0|0|0|0|0||
|C195|1055||
|C100|0|1|5b0d4cc9dd5d36210c5a579c|55|00|001|9048|28181118656923000323550010000090481000010307|29112018|29112018|106,98|1|0|0|106,98|0|0|0|0|106,98|19,26|0|0|0|0|0|0|0|
|C170|1|10190|NESTOGENO 2 400GR  REF: 12183204 No Lote: 7079046041Data: 20180601|4|UN|47,48|0|0|500|1102|10|47,48|18|8,55|0|0|0|||||||70||||||70|||||||
|C170|2|10578|NAN COMFOR 1 400GR  REF: 12142466 No Lote: 7100046041Data: 20180401|5|UN|59,5|0|0|500|1102|10|59,5|18|10,71|0|0|0|||||||70||||||70|||||||
|C190|500|1102|18|106,98|106,98|19,26|0|0|0|0||
|C195|1056||
|C100|0|1|5b0d4cc9dd5d36210c5a57cd|55|00|001|1492177|28181160409075009290550010014921771204194939|29112018|29112018|4511,74|1|414,28|0|4926,02|0|0|0|0|0|0|0|0|0|0|0|0|0|
|C170|1|12420|NINHO Leite em Po Inst 24x400g BR|20|CX|4926,02|414,28|0|060|1102|10|0|0|0|0|0|0|||||||70||||||70|||||||
|C190|060|1102|0|4511,74|0|0|0|0|0|0||
|C195|1057||
|C100|0|1|5b0d4cc9dd5d36210c5a57cd|55|00|001|1492199|28181160409075009290550010014921991522649244|29112018|29112018|561,69|1|51,58|0|613,27|0|0|0|0|561,69|101,1|0|0|0|0|0|0|0|
|C170|1|12265|MAGGI Caldo de Galinha NPro 6x1,01kg BR|10|CX|613,27|51,58|0|500|1102|10|561,69|18|101,1|0|0|0|||||||70||||||70|||||||
|C190|500|1102|18|561,69|561,69|101,1|0|0|0|0||
|C195|1058||
|C100|0|1|5b0d4cc9dd5d36210c5a5793|55|00|001|135693|28181132838716000159550010001356931274713933|29112018|29112018|7794|1|0|0|7794|0|0|0|0|0|0|0|0|0|0|0|0|0|
|C170|1|10762|ABBOTT GLUCERNA 15 RTH 1000ML LT|80|LT|6220,8|0|0|200|1102|10|0|0|0|0|0|0|||||||70||||||70|||||||
|C170|2|6331|ABBOTT ENSURE PROTEINA RPB BAUNILHA 220M|48|UN|427,2|0|0|000|1102|10|0|0|0|0|0|0|||||||70||||||70|||||||
|C170|3|10964|ABBOTT GLUCERNA RPB CHOCOLATE 200ML PACK LT|48|LT|427,2|0|0|000|1102|10|0|0|0|0|0|0|||||||70||||||70|||||||
|C170|4|8243|ABBOTT JEVITY HICAL RTH 1000ML 15 LT|24|LT|718,8|0|0|000|1102|10|0|0|0|0|0|0|||||||70||||||70|||||||
|C190|200|1102|0|6220,8|0|0|0|0|0|0||
|C190|000|1102|0|1573,2|0|0|0|0|0|0||
|C195|1059||
|C100|0|1|5b0d4cc9dd5d36210c5a5944|55|00|001|841|28181128409002000158550010000008411042103449|29112018|29112018|691|1|0|0|691|9|0|0|0|0|0|0|0|0|0|0|0|0|
|C170|1|10803|SUMA D27 BB 5L|1|UN|52|0|0|102|1102|10|0|0|0|0|0|0|||||||70||||||70|||||||
|C170|2|10822|SUMAVEG  BD 2KG DESINFETANTE FLV EM PO|3|UN|219|0|0|102|1102|10|0|0|0|0|0|0|||||||70||||||70|||||||
|C170|3|10868|LIMPA ALUMINIO MMV|3|UN|420|0|0|102|1102|10|0|0|0|0|0|0|||||||70||||||70|||||||
|C190|102|1102|0|691|0|0|0|0|0|0||
|C195|871||
|C100|0|1|5b0d4cc9dd5d36210c5a57e3|55|00|001|16670|28181132829582000100550010000166701000166700|29112018|29112018|1848|0|0|0|1848|0|0|0|0|0|0|0|0|0|0|0|0|0|
|C170|1|1921|FRASCO 200 ML|6|UN|1680|0|0|102|1102|10|0|0|0|0|0|0|||||||70||||||70|||||||
|C170|2|563|TAMPA PLASTICA PQ|6|UN|168|0|0|102|1102|10|0|0|0|0|0|0|||||||70||||||70|||||||
|C190|102|1102|0|1848|0|0|0|0|0|0||
|C195|1060||
|C100|0|1|5b0d4cc9dd5d36210c5a590d|55|00|001|460|28181113189714000131550010000004601000004609|29112018|29112018|5002,5|0|0|0|5002,5|9|0|0|0|5002,5|900,45|0|0|0|0|0|0|0|
|C170|1|8278|DIANTEIRO|435|KG|5002,5|0|0|000|1102|10|5002,5|18|900,45|0|0|0|||||||70||||||70|||||||
|C190|000|1102|18|5002,5|5002,5|900,45|0|0|0|0||
|C195|974||
|C100|0|1|5b0d4cc9dd5d36210c5a57bd|55|00|001|61234|28181105893097000122550010000612341621422336|29112018|29112018|824|0|0|0|824|0|0|0|0|824|148,32|0|0|0|0|0|0|0|
|C170|1|11841|APTAMIL 1 PROFUTURA 400G|6|UN|69|0|0|200|1102|10|69|18|12,42|0|0|0|||||||98|0|0||0|0|98|0|0||0|0||
|C170|2|5887|NEOCATE LCP UPGRADE LT400G|1|UN|160|0|0|200|1102|10|160|18|28,8|0|0|0|||||||70||||||70|||||||
|C170|3|1538|PREGOMIN PEPTI 400G|5|LT|595|0|0|200|1102|10|595|18|107,1|0|0|0|||||||70||||||70|||||||
|C190|200|1102|18|824|824|148,32|0|0|0|0||
|C195|768||
|C100|0|1|5b0d4cc9dd5d36210c5a57bd|55|00|001|61235|28181105893097000122550010000612351842658542|29112018|29112018|824|1|0|0|824|3|0|0|0|0|0|0|0|0|0|0|0|0|
|C170|1|11841|APTAMIL 1 PROFUTURA 400G|6|UN|69|0|0|200|1102|10|0|0|0|0|0|0|||||||98|0|0||0|0|98|0|0||0|0||
|C170|2|5887|NEOCATE LCP UPGRADE LT400G|1|UN|160|0|0|200|1102|10|0|0|0|0|0|0|||||||70||||||70|||||||
|C170|3|1538|PREGOMIN PEPTI 400G|5|LT|595|0|0|200|1102|10|0|0|0|0|0|0|||||||70||||||70|||||||
|C190|200|1102|0|824|0|0|0|0|0|0||
|C195|1061||
|C100|0|1|5b87e9d7dd5d3637fc4f68d2|55|00|002|1263|28181132753964000105550020000012631200400004|29112018|29112018|1175|0|0|0|1175|3|0|0|0|0|0|0|0|0|0|0|0|0|
|C170|1|12093|DOCE DE BANANA SABORIZO 670G|200|UN|700|0|0|103|1102|10|0|0|0|0|0|0|||||||70||||||70|||||||
|C170|2|12094|MARIOLA DE BANANA SABORIZO 300G|250|UN|475|0|0|103|1102|10|0|0|0|0|0|0|||||||70||||||70|||||||
|C190|103|1102|0|1175|0|0|0|0|0|0||
|C100|0|1|5b0d4cc9dd5d36210c5a58de|55|00|001|358383|28181100067807000141550010003583831151914835|29112018|29112018|1402,5|0|91,5|0|1494|0|0|0|0|1402,5|252,45|0|0|0|0|0|0|0|
|C170|1|9927|QUENTINHA 240MLT90 CXC200 TERMICA R13|30|CX|1494|91,5|0|000|1102|10|1402,5|18|252,45|0|0|0|||||||70||||||70|||||||
|C190|000|1102|18|1402,5|1402,5|252,45|0|0|0|0||
|C195|1062||
|C100|0|1|5b0d4cc9dd5d36210c5a57bd|55|00|001|61236|28181105893097000122550010000612361212887264|29112018|29112018|4038,4|0|0|0|4038,4|0|0|0|0|4038,4|726,92|0|0|0|0|0|0|0|
|C170|1|7686|APTAMIL SLACTOSE 400G|10|LT|235|0|0|200|1102|10|235|18|42,3|0|0|0|||||||70||||||70|||||||
|C170|2|7493|CUBITAN CHOCOLATE 200ML|48|UN|780|0|0|200|1102|10|780|18|140,4|0|0|0|||||||70||||||70|||||||
|C170|3|7468|CUBITAN MORANGO 200ML|48|UN|780|0|0|200|1102|10|780|18|140,4|0|0|0|||||||70||||||70|||||||
|C170|4|7470|FORTINI MULTI FIBER BAUNILHA 200ML|24|UN|368,88|0|0|200|1102|10|368,88|18|66,4|0|0|0|||||||70||||||70|||||||
|C170|5|7494|FORTINI MULTI FIBER CHOCOLATE 200ML|24|UN|368,88|0|0|200|1102|10|368,88|18|66,4|0|0|0|||||||70||||||70|||||||
|C170|6|7471|FORTINI MULTI FIBER MORANGO 200ML|24|UN|368,88|0|0|200|1102|10|368,88|18|66,4|0|0|0|||||||70||||||70|||||||
|C170|7|10264|NUTRI LIVER 14kcalml 200ML Baunilha|26|UN|422,76|0|0|000|1102|10|422,76|18|76,1|0|0|0|||||||70||||||70|||||||
|C170|8|1538|PREGOMIN PEPTI 400G|6|LT|714|0|0|200|1102|10|714|18|128,52|0|0|0|||||||70||||||70|||||||
|C190|200|1102|18|3615,64|3615,64|650,82|0|0|0|0||
|C190|000|1102|18|422,76|422,76|76,1|0|0|0|0||
|C195|790||
|C100|0|1|5b0d4cc9dd5d36210c5a57bd|55|00|001|61238|28181105893097000122550010000612381976310097|29112018|29112018|4038,4|1|0|0|4038,4|3|0|0|0|0|0|0|0|0|0|0|0|0|
|C170|1|7686|APTAMIL SLACTOSE 400G|10|LT|235|0|0|200|1102|10|0|0|0|0|0|0|||||||70||||||70|||||||
|C170|2|7493|CUBITAN CHOCOLATE 200ML|48|UN|780|0|0|200|1102|10|0|0|0|0|0|0|||||||70||||||70|||||||
|C170|3|7468|CUBITAN MORANGO 200ML|48|UN|780|0|0|200|1102|10|0|0|0|0|0|0|||||||70||||||70|||||||
|C170|4|7470|FORTINI MULTI FIBER BAUNILHA 200ML|24|UN|368,88|0|0|200|1102|10|0|0|0|0|0|0|||||||70||||||70|||||||
|C170|5|7494|FORTINI MULTI FIBER CHOCOLATE 200ML|24|UN|368,88|0|0|200|1102|10|0|0|0|0|0|0|||||||70||||||70|||||||
|C170|6|7471|FORTINI MULTI FIBER MORANGO 200ML|24|UN|368,88|0|0|200|1102|10|0|0|0|0|0|0|||||||70||||||70|||||||
|C170|7|10264|NUTRI LIVER 14kcalml 200ML Baunilha|26|UN|422,76|0|0|000|1102|10|0|0|0|0|0|0|||||||70||||||70|||||||
|C170|8|1538|PREGOMIN PEPTI 400G|6|LT|714|0|0|200|1102|10|0|0|0|0|0|0|||||||70||||||70|||||||
|C190|200|1102|0|3615,64|0|0|0|0|0|0||
|C190|000|1102|0|422,76|0|0|0|0|0|0||
|C195|1063||
|C100|0|1|5b0d4cc9dd5d36210c5a58bb|55|00|001|32177|42181112098843000151550010000321771011002254|29112018|29112018|4454,87|1|0|0|4454,87|0|0|0|0|4454,87|178,2|0|0|0|0|0|0|0|
|C170|1|11899|SMART ROLO VABENE 40CM X 28CM 600 P BRANCO|25|RL|1374,95|0|0|100|1102|10|1374,95|4|55|0|0|0|||||||98|0|0||0|0|98|0|0||0|0||
|C170|2|12098|LUVA VINIFLEX VABENE  G  100UNBOX  10BOXCX|20|CX|1819,91|0|0|100|1102|10|1819,91|4|72,8|0|0|0|||||||70||||||70|||||||
|C170|3|10440|1705TOUCA SANFONADA TNT VABENE100UNPCT50PCTCX|2|CX|540|0|0|100|1102|10|540|4|21,6|0|0|0|||||||70||||||70|||||||
|C170|4|10439|1512MASCARA DUPLA TNT VABENE100 UNPCT50 PCTCX|2|CX|610|0|0|100|1102|10|610|4|24,4|0|0|0|||||||70||||||70|||||||
|C170|5|11900|LUVA PLASTICA VABENE  100 UNPCT  100 PCTCX|1|CX|110,01|0|0|100|1102|10|110,01|4|4,4|0|0|0|||||||98|0|0||0|0|98|0|0||0|0||
|C190|100|1102|4|4454,87|4454,87|178,2|0|0|0|0||
|C195|1064||
|C100|0|1|5b0d4cc9dd5d36210c5a5799|55|00|001|72766|28181110483444003013550010000727661718937235|29112018|29112018|673,4|1|0|0|670,8|0|0|0|2,6|673,4|121,21|0|0|0|0|0|0|0|
|C170|1|10250|L FER GAR BELLE LIGHT MORANGO BETA 900G|120|UN|670,8|0|0|000|1102|10|673,4|18|121,21|0|0|0|||||||70||||||70|||||||
|C190|000|1102|18|673,4|673,4|121,21|0|0|0|0||
|C195|1065||
|C100|0|1|5b0d4cc9dd5d36210c5a587b|55|00|001|37248|28181113682404000154550010000372481000372484|30112018|30112018|3760|1|0|0|3760|0|0|0|0|3760|676,8|0|0|0|0|0|0|0|
|C170|1|12005|ACUCAR CRISTAL NOTA 10 30X1|80|CX|3760|0|0|000|1102|10|3760|18|676,8|0|0|0|||||||70||||||70|||||||
|C190|000|1102|18|3760|3760|676,8|0|0|0|0||
|C195|1066||
|C100|0|1|5b0d4cc9dd5d36210c5a57c2|55|00|001|23577|28181107505422000168550010000235771000235778|30112018|30112018|319,75|1|0|0|319,75|9|0|0|0|319,75|57,55|0|0|0|0|0|0|0|
|C170|1|1911|POLPA DE CAJU 1KG POMAR|5|UN|20|0|0|000|1102|10|20|18|3,6|0|0|0|||||||70||||||70|||||||
|C170|2|1690|POLPA DE GRAVIOLA 1KG POMAR|10|UN|64,5|0|0|000|1102|10|64,5|18|11,61|0|0|0|||||||70||||||70|||||||
|C170|3|1691|POLPA DE UMBU 1KG POMAR|45|UN|155,25|0|0|000|1102|10|155,25|18|27,94|0|0|0|||||||70||||||70|||||||
|C170|4|3399|POLPA DE UMBUCAJA 1KG POMAR|20|UN|80|0|0|000|1126|10|80|18|14,4|0|0|0|||||||70||||||70|||||||
|C190|000|1102|18|239,75|239,75|43,15|0|0|0|0||
|C190|000|1126|18|80|80|14,4|0|0|0|0||
|C195|768||
|C100|0|1|5b0d4cc9dd5d36210c5a5751|55|00|001|673068|28181107488144000188550010006730681111029112|29112018|30112018|2679,47|1|0|0|2679,47|0|0|0|0|2679,47|482,3|0|0|0|0|0|0|0|
|C170|1|11670|MARGARINA PREDILETA 15KG|30|UN|2212,67|0|0|010|1102|10|2212,67|18|398,28|0|0|0|||||||70||||||70|||||||
|C170|2|12405|LEITE DE COCO TRADICIONAL INCOCO 500ML|120|UN|466,8|0|0|010|1102|10|466,8|18|84,02|0|0|0|||||||70||||||70|||||||
|C190|010|1102|18|2679,47|2679,47|482,3|0|0|0|0||
|C195|862||
|C100|0|1|5b0d4cc9dd5d36210c5a578e|55|00|002|370758|28181104928281000289550020003707581111030110|30112018|30112018|4931,4|1|0|0|4931,4|9|0|0|0|0|0|0|0|0|0|0|0|0|
|C170|1|2088|FEIJAO PREM T VIEIRA TIPO 1 30X1KG|1500|UN|4931,4|0|0|041|1102|10|0|0|0|0|0|0|||||||70||||||70|||||||
|C190|041|1102|0|4931,4|0|0|0|0|0|0||
|C195|1067||
|C100|0|1|5b0d4cc9dd5d36210c5a578e|55|00|002|370759|28181104928281000289550020003707591111030117|30112018|30112018|150|0|0|0|150|9|0|0|0|0|0|0|0|0|0|0|0|0|
|C170|1|2088|FEIJAO PREM T VIEIRA TIPO 1 30X1KG|30|UN|105|0|0|041|1102|10|0|0|0|0|0|0|||||||70||||||70|||||||
|C170|2|2163|FEIJAO FRADINHO T VIEIRA 10X1KG|20|UN|45|0|0|041|1102|10|0|0|0|0|0|0|||||||70||||||70|||||||
|C190|041|1102|0|150|0|0|0|0|0|0||
|C195|1068||
|C100|0|1|5b0d4cc9dd5d36210c5a578e|55|00|002|371142|28181104928281000289550020003711421111030111|30112018|30112018|154,9|0|0|0|154,9|9|0|0|0|0|0|0|0|0|0|0|0|0|
|C170|1|2088|FEIJAO PREM T VIEIRA TIPO 1 30X1KG|30|UN|105|0|0|041|1102|10|0|0|0|0|0|0|||||||70||||||70|||||||
|C170|2|2163|FEIJAO FRADINHO T VIEIRA 10X1KG|20|UN|49,9|0|0|041|1102|10|0|0|0|0|0|0|||||||70||||||70|||||||
|C190|041|1102|0|154,9|0|0|0|0|0|0||
|C195|1069||
|C100|0|1|5b0d4cc9dd5d36210c5a578e|55|00|002|371143|28181104928281000289550020003711431111030119|30112018|30112018|130,45|1|0|0|130,45|9|0|0|0|130,45|23,48|0|0|0|0|0|0|0|
|C170|1|10991|FERMENTO PO QUIM D BENTA TRAD 12X100GR|72|UN|130,45|0|0|000|1102|10|130,45|18|23,48|0|0|0|||||||70||||||70|||||||
|C190|000|1102|18|130,45|130,45|23,48|0|0|0|0||
|C195|1070||
|C100|0|1|5b0d4cc9dd5d36210c5a596f|55|00|011|431242|29181193209765042626550110004312421962569090|30112018|30112018|712,8|0|0|0|712,8|0|0|0|0|712,8|85,54|0|0|0|0|0|0|0|
|C170|1|12434|ERVILHA BONARE 24X 200G|30|CX|712,8|0|0|000|1102|10|712,8|12|85,54|0|0|0|||||||70||||||70|||||||
|C190|000|1102|12|712,8|712,8|85,54|0|0|0|0||
|C195|1071||
|C100|0|1|5b0d4cc9dd5d36210c5a57bd|55|00|001|61269|28181105893097000122550010000612691397553717|30112018|30112018|670,08|0|0|0|670,08|1|0|0|0|670,08|120,61|0|0|0|0|0|0|0|
|C170|1|9098|INFATRINI PB 125ML|24|UN|670,08|0|0|200|1102|10|670,08|18|120,61|0|0|0|||||||70||||||70|||||||
|C190|200|1102|18|670,08|670,08|120,61|0|0|0|0||
|C195|1072||
|C100|0|1|5b0d4cc9dd5d36210c5a5909|55|00|051|986263|29181140499907000161550510009862631002002820|30112018|30112018|739,2|1|0|0|739,2|0|0|0|0|739,2|88,7|0|0|0|0|0|0|0|
|C170|1|11145|0000000049  NG BEB LAC MORANGO 900G CX12UN|16|CX|739,2|0|0|000|1102|10|739,2|12|88,7|0|0|0|||||||70||||||70|||||||
|C190|000|1102|12|739,2|739,2|88,7|0|0|0|0||
|C195|1073||
|C100|0|1|5b0d4cc9dd5d36210c5a57bd|55|00|001|61270|28181105893097000122550010000612701506644620|30112018|30112018|670,08|0|0|0|670,08|0|0|0|0|670,08|120,61|0|0|0|0|0|0|0|
|C170|1|9098|INFATRINI PB 125ML|24|UN|670,08|0|0|200|1102|10|670,08|18|120,61|0|0|0|||||||70||||||70|||||||
|C190|200|1102|18|670,08|670,08|120,61|0|0|0|0||
|C195|922||
|C100|0|1|5b0d4cc9dd5d36210c5a57a5|55|00|300|45337|28181106057223029900553000000453371103565849|30112018|30112018|575,46|0|0|0|575,46|9|0|0|0|551,17|99,21|0|0|0|0|0|0|0|
|C170|1|12415|ABACAXI|2|UN|6,18|0|0|040|1102|10|0|0|0|0|0|0|||||||70||||||70|||||||
|C170|2|10135|ADOCANTE LIQ LINEA 75ML|1|UN|8,39|0|0|000|1102|10|8,39|18|1,51|0|0|0|||||||70||||||70|||||||
|C170|3|12416|BEB LACTEA DANONINHO 540G MOR|2|UN|9,78|0|0|000|1102|10|9,78|18|1,76|0|0|0|||||||70||||||70|||||||
|C170|4|12086|CR VEG BECEL 250G SSAL|5|CX|474|0|0|000|1102|10|474|18|85,32|0|0|0|||||||70||||||70|||||||
|C170|5|12417|MELAO AMARELO KG|1,64|UN|2,44|0|0|040|1102|10|0|0|0|0|0|0|||||||70||||||70|||||||
|C170|6|11443|REFRIG KUAT 2LT GUARANA|1|UN|3,49|0|0|060|1102|10|0|0|0|0|0|0|||||||70||||||70|||||||
|C170|7|12373|REFRIG SCHIN 2LT LARANJA|1|UN|3,39|0|0|060|1102|10|0|0|0|0|0|0|||||||70||||||70|||||||
|C170|8|12418|TRIGO PKIBE YOKI 500G|20|UN|59|0|0|000|1102|10|59|18|10,62|0|0|0|||||||70||||||70|||||||
|C170|9|12419|VODKA NAC BALAKOV 920ML|1|UN|8,79|0|0|060|1102|10|0|0|0|0|0|0|||||||70||||||70|||||||
|C190|040|1102|0|8,62|0|0|0|0|0|0||
|C190|000|1102|18|551,17|551,17|99,21|0|0|0|0||
|C190|060|1102|0|15,67|0|0|0|0|0|0||
|C195|1074||
|C100|0|1|5b0d4cc9dd5d36210c5a57bd|55|00|001|61273|28181105893097000122550010000612731873993930|30112018|30112018|1340,16|0|0|0|1340,16|0|0|0|0|1340,16|241,23|0|0|0|0|0|0|0|
|C170|1|9098|INFATRINI PB 125ML|48|UN|1340,16|0|0|200|1102|10|1340,16|18|241,23|0|0|0|||||||70||||||70|||||||
|C190|200|1102|18|1340,16|1340,16|241,23|0|0|0|0||
|C195|790||
|C100|0|1|5b0d4cc9dd5d36210c5a57bd|55|00|001|61274|28181105893097000122550010000612741942561034|30112018|30112018|1340,16|1|0|0|1340,16|3|0|0|0|0|0|0|0|0|0|0|0|0|
|C170|1|9098|INFATRINI PB 125ML|48|UN|1340,16|0|0|200|1102|10|0|0|0|0|0|0|||||||70||||||70|||||||
|C190|200|1102|0|1340,16|0|0|0|0|0|0||
|C195|1075||
|C100|0|1|5b0d4cc9dd5d36210c5a5885|55|00|001|3213|35181102807198000145550010000032131000040450|30112018|30112018|7063,1|1|0|0|6021,4|0|0|0|0|0|0|0|0|0|0|0|0|0|
|C170|1|12113|COLHER REF BR A GR C500 15X29X20 N|70|CX|2479,4|0|0|202|1102|10|0|0|0|0|0|0|||||||70||||||70|||||||
|C170|2|12114|FACA REF BR A GR C500 15X29X20 N|50|CX|1771|0|0|202|1102|10|0|0|0|0|0|0|||||||70||||||70|||||||
|C170|3|12115|GARFO REF BR A GR C500 15X29X20 N|50|CX|1771|0|0|202|1102|10|0|0|0|0|0|0|||||||70||||||70|||||||
|C190|202|1102|0|7063,1|0|0|0|0|0|0||
|C195|721|Base de cálculo do ICMSST: R$8128,89, Valor do ICMSST: R$1041,70|
|C195|1076||
|C100|0|1|5b0d4cc9dd5d36210c5a579c|55|00|001|9063|28181118656923000323550010000090631000010320|30112018|30112018|142,44|1|0|0|142,44|0|0|0|0|142,44|25,64|0|0|0|0|0|0|0|
|C170|1|10190|NESTOGENO 2 400GR  REF: 12183204 No Lote: 7079046041Data: 20180601|12|UN|142,44|0|0|500|1102|10|142,44|18|25,64|0|0|0|||||||70||||||70|||||||
|C190|500|1102|18|142,44|142,44|25,64|0|0|0|0||
|C195|1077||
|C100|0|1|5b0d4cc9dd5d36210c5a5799|55|00|001|72851|28181110483444003013550010000728511865037339|30112018|30112018|98,01|0|0|0|98,01|0|0|0|0|98,01|17,64|0|0|0|0|0|0|0|
|C170|1|10249|CREME DE LEITE BETA 200G|81|UN|98,01|0|0|000|1102|10|98,01|18|17,64|0|0|0|||||||70||||||70|||||||
|C190|000|1102|18|98,01|98,01|17,64|0|0|0|0||
|C195|1078||
|C100|0|1|5b0d4cc9dd5d36210c5a5799|55|00|001|72853|28181110483444003013550010000728531233555567|30112018|30112018|1008,8|1|0|0|1006,2|0|0|0|2,6|1008,8|181,58|0|0|0|0|0|0|0|
|C170|1|8785|L FER GAR BELLE LIGHT AMEIXA BETA 900G|24|UN|134,16|0|0|000|1102|10|134,51|18|24,21|0|0|0|||||||70||||||70|||||||
|C170|2|8786|LEI FER BELLE LIGHT PAPAIA C LINHACA 900|60|UN|335,4|0|0|000|1102|10|336,27|18|60,53|0|0|0|||||||70||||||70|||||||
|C170|3|10250|L FER GAR BELLE LIGHT MORANGO BETA 900G|96|UN|536,64|0|0|000|1102|10|538,02|18|96,84|0|0|0|||||||70||||||70|||||||
|C190|000|1102|18|1008,8|1008,8|181,58|0|0|0|0||
|C195|1079||
|C100|0|1|5b0d4cc9dd5d36210c5a5767|55|00|003|1606065|28181103636036000316550030016060651002525238|30112018|30112018|27705,61|1|0|0|26690|0|0|0|0|26690|4804,2|0|0|0|0|0|0|0|
|C170|1|10192|COXASOBRECOXA DE FINDIV AVIVAR 20KG|75|CX|7770|0|0|010|1102|10|7770|18|1398,6|0|0|0|||||||70||||||70|||||||
|C170|2|11051|FILE PEITO FRANGO INDIVIDUAL GRANJEIRO 20KG|110|CX|18920|0|0|010|1102|10|18920|18|3405,6|0|0|0|||||||70||||||70|||||||
|C190|010|1102|18|27705,61|26690|4804,2|0|0|0|0||
|C195|721|Base de cálculo do ICMSST: R$32332,27, Valor do ICMSST: R$1015,61|
|C195|1080||
|C100|0|1|5b0d4cc9dd5d36210c5a58d9|55|00|004|753537|28181108715757002117550040007535371784406653|29112018|30112018|900|0|0|0|886,7|0|0|0|0|0|0|0|0|0|0|0|0|0|
|C170|1|11842|FANTA GUAR LT 350 ML|600|UN|886,7|0|0|060|1102|10|0|0|0|0|0|0|||||||98|0|0||0|0|98|0|0||0|0||
|C190|060|1102|0|900|0|0|0|0|0|0||
|C195|1081||
|C990|2693|
|D001|1|
|D990|2|
|E001|0|
|E100|01112018|30112018|
|E110|488772,27|0|0|0|112857,53|0|0|0|0|375914,74|0|375914,74|0|0|
|E116|000|375914,74|30112018|0101|||||112018|
|E200|SP|01112018|30112018|
|E210|1|0|0|0|0|0|0|0|0|0|0|0|0|0|
|E200|SE|01112018|30112018|
|E210|1|0|0|0|0|0|0|0|0|0|0|0|0|0|
|E200|BA|01112018|30112018|
|E210|1|0|0|0|0|0|0|0|0|0|0|0|0|0|
|E300|SE|01112018|30112018|
|E310|0|0|0|0|0|0|0|0|0|0|0|0|0|0|0|0|0|0|0|0|0|
|E300|BA|01112018|30112018|
|E310|0|0|0|0|0|0|0|0|0|0|0|0|0|0|0|0|0|0|0|0|0|
|E300|SP|01112018|30112018|
|E310|0|0|0|0|0|0|0|0|0|0|0|0|0|0|0|0|0|0|0|0|0|
|E990|17|
|G001|1|
|G990|2|
|H001|1|
|H990|2|
|K001|1|
|K990|2|
|1001|0|
|1010|N|N|N|N|N|N|N|N|N|
|1990|3|
|9001|0|
|9900|0000|1|
|9900|0001|1|
|9900|0005|1|
|9900|0100|1|
|9900|0150|92|
|9900|0190|8|
|9900|0200|427|
|9900|0400|1|
|9900|0460|361|
|9900|0990|1|
|9900|1001|1|
|9900|1010|1|
|9900|1990|1|
|9900|9001|1|
|9900|9990|1|
|9900|9999|1|
|9900|C001|1|
|9900|C100|431|
|9900|C101|2|
|9900|C170|1278|
|9900|C190|554|
|9900|C195|426|
|9900|C990|1|
|9900|D001|1|
|9900|D990|1|
|9900|E001|1|
|9900|E100|1|
|9900|E110|1|
|9900|E116|1|
|9900|E200|3|
|9900|E210|3|
|9900|E300|3|
|9900|E310|3|
|9900|E990|1|
|9900|G001|1|
|9900|G990|1|
|9900|H001|1|
|9900|H990|1|
|9900|K001|1|
|9900|K990|1|
|9900|9900|41|
|9990|44|
|9999|3659|
